% Publi #1
@book{egerton2011electron,
    title={Electron energy-loss spectroscopy in the electron microscope},
    author={Egerton, Ray F},
    year={2011},
    publisher={Springer Science \& Business Media}
}

% Publi #2
@article{colliex1998microscopie,
    title={La microscopie {\'e}lectronique},
    author={Colliex, Christian},
    journal={Que sais-je?},
    year={1998},
    publisher={Presses universitaires de France}
}

% Publi #3
@article{zobelli2019spatial,
    title = "Spatial and spectral dynamics in {STEM} hyperspectral imaging using random scan patterns",
    journal = ULTRAMICR,
    pages = "112912",
    year = "2019",
    author = "Alberto Zobelli and Steffi Y. Woo and Anna Tararan and Luiz H.G. Tizei and Nathalie Brun and Xiaoyan Li and Odile Stéphan and Mathieu Kociak and Marcel Tencé",
}

% Publi #4
@article{jolliffe2002springer,
    title={Springer series in statistics},
    author={Jolliffe, Ian T},
    journal={Principal component analysis},
    volume={29},
    year={2002},
    publisher=spring
}

% Publi #5
@article{schaepman2009earth,
    title={Earth system science related imaging spectroscopy—An assessment},
    author={Schaepman, Michael E and Ustin, Susan L and Plaza, Antonio J and Painter, Thomas H and Verrelst, Jochem and Liang, Shunlin},
    journal=RSE,
    volume={113},
    pages={S123--S137},
    year={2009},
    publisher=elsevier
}

% Publi #6
@article{smith1985quantitative,
    title={Quantitative determination of mineral types and abundances from reflectance spectra using principal components analysis},
    author={Smith, Milton O and Johnson, Paul E and Adams, John B},
    journal=JGR,
    volume={90},
    number={S02},
    pages={C797--C804},
    year={1985},
    publisher=wiley
}

% Publi #7
@article{gowen2007hyperspectral,
    title={Hyperspectral imaging--an emerging process analytical tool for food quality and safety control},
    author={Gowen, AA and O'Donnell, CPo and Cullen, PJ and Downey, G and Frias, JM},
    journal={Trends in food science \& technology},
    volume={18},
    number={12},
    pages={590--598},
    year={2007},
    publisher=elsevier
}

% Publi #8
@article{akbari2010detection,
    title={Detection and analysis of the intestinal ischemia using visible and invisible hyperspectral imaging},
    author={Akbari, Hamed and Kosugi, Yukio and Kojima, Kazuyuki and Tanaka, Naofumi},
    journal=IEEEBE,
    volume={57},
    number={8},
    pages={2011--2017},
    year={2010},
    publisher=ieee
}

% Publi #9
@Incollection{dobigeon2016linear,
    author       = {N. Dobigeon and Y. Altmann and N. Brun and S. Moussaoui},
    title        = {Linear and nonlinear unmixing in hyperspectral imaging},
    booktitle    = {Resolving spectral mixtures -- With application from ultrafast time-resolved spectroscopy to superresolution imaging},
    editor       = {C. Ruckebusch},
    series       = {Data Handling in Science and Technology},
    publisher    = elsevier,
    address      = {Oxford, U.K.},
    year         = {2016},
    volume       = {30},
    pages        = {185--224},
}

% Publi #10
@article{bioucas2012hyperspectral,
    title = {Hyperspectral Unmixing Overview: Geometrical, Statistical, and Sparse Regression-Based Approaches},
    volume = {5},
    number = {2},
    journal = IEEEJSTARS,
    author = {Bioucas-Dias, J. M. and Plaza, A. and Dobigeon, N. and Parente, M. and Du, Q. and Gader, P. and Chanussot, J.},
    month = apr,
    year = {2012},
    pages = {354--379}
}

% Publi #11
@Article{dobigeon2012spectral,
    author       = {N. Dobigeon and N. Brun},
    title        = {Spectral mixture analysis of {EELS} spectrum-images},
    journal      = ULTRAMICR,
    year         = 2012,
    month        = sep,
    volume       = {120},
    pages        = {25--34},
    webpage      = {http://dobigeon.perso.enseeiht.fr/applications/app_EELS.html},
}

% Publi #12
@article{colliex2012stem,
    title={The {STEM} multi-signal approach: learning the most from your nano-object},
    author={Colliex, Christian and Gloter, Alexandre and Kociak, Mathieu and March, Katia and St{\'e}phan, Odile and Tenc{\'e}, Marcel},
    volume={6},
    journal=M&M, 
    publisher=cambu,
    year={2012}, 
    pages={33-42}
}

% Publi #13
@article{pennycook2011seeing,
    title={Seeing oxygen disorder in {YSZ/SrTiO3} colossal ionic conductor heterostructures using {EELS}},
    author={Pennycook, Timothy J and Oxley, Mark P and Garcia-Barriocanal, Javier and Bruno, Flavio Y and Leon, C and Santamaria, J and Pantelides, ST and Varela, M and Pennycook, SJ},
    journal=EPJAP,
    volume={54},
    number={3},
    year={2011},
    publisher=edp
}

% Publi #14
@article{lelong1998hyperspectral,
    title={Hyperspectral imaging and stress mapping in agriculture: A case study on wheat in {Beauce} ({France})},
    author={Lelong, Camille CD and Pinet, Patrick C and Poilv{\'e}, Herv{\'e}},
    journal=RSE,
    volume={66},
    number={2},
    pages={179--191},
    year={1998},
    publisher=elsevier
}

% Publi #15
@article{bonnet1999extracting,
    title={Extracting information from sequences of spatially resolved {EELS} spectra using multivariate statistical analysis},
    author={Bonnet, N and Brun, N and Colliex, C},
    journal=ULTRAMICR,
    volume={77},
    number={3-4},
    pages={97--112},
    year={1999},
    publisher=elsevier
}

% Publi #16
@article{bosman2006mapping,
    title={Mapping chemical and bonding information using multivariate analysis of electron energy-loss spectrum images},
    author={Bosman, M and Watanabe, M and Alexander, DTL and Keast, VJ},
    journal=ULTRAMICR,
    volume={106},
    number={11-12},
    pages={1024--1032},
    year={2006},
    publisher=elsevier
}

% Publi #17
@article{trebbia1990eels,
    title={{EELS} elemental mapping with unconventional methods {I. T}heoretical basis: Image analysis with multivariate statistics and entropy concepts},
    author={Trebbia, Pierre and Bonnet, No{\"e}l},
    journal=ULTRAMICR,
    volume={34},
    number={3},
    pages={165--178},
    year={1990},
    publisher=elsevier
}

% Publi #18
@inproceedings{bayliss1998analyzing,
    title={Analyzing hyperspectral data with independent component analysis},
    author={Bayliss, Jessica D and Gualtieri, J Anthony and Cromp, Robert F},
    booktitle=AIPR,
    volume={3240},
    pages={133--143},
    year={1998},
    organization={International Society for Optics and Photonics}
}

% Publi #19
@inproceedings{chen1999independent,
    title={Independent component analysis for remote sensing study},
    author={Chen, Chi Hau and Zhang, Xiaohui},
    booktitle=AIPR,
    volume={3871},
    pages={150--158},
    year={1999},
    organization=spie
}

% Publi #21
@book{comon2010handbook,
    title={Handbook of Blind Source Separation: Independent component analysis and applications},
    author={Comon, Pierre and Jutten, Christian},
    year={2010},
    publisher=academic
}

% Publi #22
@article{nascimento2005vertex,
    title={Vertex component analysis: A fast algorithm to unmix hyperspectral data},
    author={Nascimento, Jos{\'e} MP and Dias, Jos{\'e} MB},
    journal=IEEEGRS,
    volume={43},
    number={4},
    pages={898--910},
    year={2005},
    publisher=ieee
}

% Publi #23
@inproceedings{bioucas2009variable,
    title={A variable splitting augmented Lagrangian approach to linear spectral unmixing},
    author={Bioucas-Dias, Jos{\'e} M},
    booktitle=WHISPERS,
    pages={1--4},
    year={2009},
    organization=ieee
}

% Publi #24
@Article{dobigeon2009joint,
    author       = {N. Dobigeon and S. Moussaoui and M. Coulon and J.-Y. Tourneret and A. O. Hero},
    title        = {Joint {B}ayesian endmember extraction and linear unmixing for hyperspectral imagery},
    journal      = IEEESP,
    year         = 2009,
    month        = nov,
    volume       = {57},
    number       = {11},
    pages        = {4355--4368},
    webpage      = {http://dobigeon.perso.enseeiht.fr/applications/app_hyper_SMA.html},
}

% Publi #25
@inproceedings{bioucas2010alternating,
    title={Alternating direction algorithms for constrained sparse regression: Application to hyperspectral unmixing},
    author={Bioucas-Dias, Jos{\'e} M and Figueiredo, M{\'a}rio AT},
    booktitle={2010 2nd Workshop on Hyperspectral Image and Signal Processing: Evolution in Remote Sensing},
    pages={1--4},
    year={2010},
    organization={IEEE}
}

% Publi #26
@article{eckstein1992douglas,
    title={On the Douglas—Rachford splitting method and the proximal point algorithm for maximal monotone operators},
    author={Eckstein, Jonathan and Bertsekas, Dimitri P},
    journal={Mathematical Programming},
    volume={55},
    number={1-3},
    pages={293--318},
    year={1992},
    publisher={Springer}
}

% Publi #27
@incollection{combettes2011proximal,
    title={Proximal splitting methods in signal processing},
    author={Combettes, Patrick L and Pesquet, Jean-Christophe},
    booktitle={Fixed-point algorithms for inverse problems in science and engineering},
    pages={185--212},
    year={2011},
    publisher={Springer}
}

% Publi #28
@article{egerton2004radiation,
    title = {Radiation damage in the {TEM} and {SEM}},
    journal = "Micron",
    volume = "35",
    number = "6",
    pages = "399 - 409",
    year = "2004",
    author = "R.F. Egerton and P. Li and M. Malac",
}

% Publi #29
@article{beche2016development,
    title={Development of a fast electromagnetic beam blanker for compressed sensing in scanning transmission electron microscopy},
    author={B{\'e}ch{\'e}, Armand and Goris, Bart and Freitag, Bert and Verbeeck, Jo},
    journal={Applied Physics Letters},
    volume={108},
    number={9},
    pages={093103},
    year={2016},
    publisher={AIP Publishing LLC}
}

% Publi #30
@inproceedings{tararan2016random,
    title={Random scanning mode for the spectroscopy of sensitive materials},
    author={Tararan, Anna and Tenc{\'e}, Marcel and Brun, Nathalie and Kociak, Mathieu and Zobelli, Alberto},
    booktitle=EMC,
    year={2016},
}

% Publi #31
@inproceedings{tence2019following,
    title={Following the temporal evolution of spectroscopic signal using pre-defined scan patterns},
    authors={Tencé, M and Zobelli, A and Tizei, L.H.G and Tararan, A and Brun, N and Kociak, M and Stéphan, O},
    booktitle={International Microscopy Congress},
    year={2019},
}

% Publi #32
@article{bosman2007two,
    title={Two-dimensional mapping of chemical information at atomic resolution},
    author={Bosman, M and Keast, VJ and Garcia-Munoz, JL and D’Alfonso, Adrian J and Findlay, SD and Allen, LJ},
    journal={Physical Review Letters},
    volume={99},
    number={8},
    pages={086102},
    year={2007},
    publisher={APS}
}

% Publi #33
@article{dudeck2012quantitative,
    title={Quantitative statistical analysis, optimization and noise reduction of atomic resolved electron energy loss spectrum images},
    author={Dudeck, KJ and Couillard, Martin and Lazar, Sorin and Dwyer, Christian and Botton, Gianluigi A},
    journal={Micron},
    volume={43},
    number={1},
    pages={57--67},
    year={2012},
    publisher={Elsevier}
}

% Publi #34
@article{lichtert2013statistical,
    title = "Statistical consequences of applying a PCA noise filter on EELS spectrum images",
    journal = "Ultramicroscopy",
    volume = "125",
    pages = "35 - 42",
    year = "2013",
    author = "Stijn Lichtert and Jo Verbeeck",
}

% Publi #35
@article{spiegelberg2017can,
    title = "Can we use PCA to detect small signals in noisy data?",
    journal = "Ultramicroscopy",
    volume = "172",
    pages = "40 - 46",
    year = "2017",
    author = "Jakob Spiegelberg and Ján Rusz",
}

% Publi #36
@article{mevenkamp2017mm, 
    title={Denoising Electron-energy Loss Data Using Non-local Means Filters}, 
    volume={23}, 
    number={S1}, 
    journal={Microscopy and Microanalysis}, 
    publisher={Cambridge University Press}, 
    author={Mevenkamp, Niklas and Berkels, Benjamin and Duchamp, Martial}, 
    year={2017}, 
    pages={106–107}
}

% Publi #37
@article{trampert2018ultramicroscopy,
    title = "How should a fixed budget of dwell time be spent in scanning electron microscopy to optimize image quality?",
    journal = ULTRAMICR,
    volume = "191",
    pages = "11 - 17",
    year = "2018",
    author = "Patrick Trampert and Faysal Bourghorbel and Pavel Potocek and Maurice Peemen and Christian Schlinkmann and Tim Dahmen and Philipp Slusallek",
}

% Publi #38
@article{spiegelberg2018local,
    title={Local low rank denoising for enhanced atomic resolution imaging},
    author={Spiegelberg, Jakob and Idrobo, Juan Carlos and Herklotz, Andreas and Ward, Thomas Zac and Zhou, Wu and Rusz, J{\'a}n},
    journal={Ultramicroscopy},
    volume={187},
    pages={34--42},
    year={2018},
    publisher={Elsevier}
}

% Publi #39
@inproceedings{beche2016compressed,
    title={Compressed sensing for beam sensitive materials imaging in Scanning Transmission Electron Microscopy},
    author={B{\'e}ch{\'e}, Armand and Goris, Bart and Freitag, Bert and Verbeeck, Jo},
    booktitle=EMC,
    pages={340--341},
    year={2016},
    organization=wiley
}

% Publi #40
@article{stevens2014potential,
    title={The potential for {B}ayesian compressive sensing to significantly reduce electron dose in high-resolution {STEM} images},
    author={Stevens, Andrew and Yang, Hao and Carin, Lawrence and Arslan, Ilke and Browning, Nigel D},
    journal={Microscopy},
    volume={63},
    number={1},
    pages={41--51},
    year={2014},
    publisher=oxfou
}

% Publi #41
@inproceedings{anderson2013sparse,
    title={Sparse imaging for fast electron microscopy},
    author={Anderson, Hyrum S and Ilic-Helms, Jovana and Rohrer, Brandon and Wheeler, Jason and Larson, Kurt},
    booktitle={Computational Imaging XI},
    volume={8657},
    pages={86570C},
    year={2013},
    organization={Int. Soc. for Opt. and Photonics}
}

% Publi #42
@ARTICLE{criminisi2004region,
    author={A. {Criminisi} and P. {Perez} and K. {Toyama}},
    journal=IEEEIP,
    title={Region filling and object removal by exemplar-based image inpainting},
    year={2004},
    volume={13},
    number={9},
    pages={1200-1212},
    month=sep,
}

% Publi #43
@article{zhang2013hyperspectral,
    title={Hyperspectral image restoration using low-rank matrix recovery},
    author={Zhang, Hongyan and He, Wei and Zhang, Liangpei and Shen, Huanfeng and Yuan, Qiangqiang},
    journal={IEEE Transactions on Geoscience and Remote Sensing},
    volume={52},
    number={8},
    pages={4729--4743},
    year={2013},
    publisher={IEEE}
}

% Publi #44
@inproceedings{bertalmio2000image,
    comment={Paper which introduced the inpainting term.},
    title={Image inpainting},
    author={Bertalmio, Marcelo and Sapiro, Guillermo and Caselles, Vincent and Ballester, Coloma},
    booktitle={Proceedings of the 27th annual conference on Computer graphics and interactive techniques},
    pages={417--424},
    year={2000}
}

% Publi #45
@article{peyre2011numerical,
    author = {G. Peyr\'e},
    journal = {Computing in Science \& Engineering},
    title = {The Numerical Tours of Signal Processing},
    year = {2011},
    volume = {13},
    number = {04},
    issn = {1558-366X},
    pages = {94-97},
    publisher = {IEEE Computer Society},
    address = {Los Alamitos, CA, USA},
    month = {jul}
}

% Publi #46
@article{candes2006near,
    title={Near-optimal signal recovery from random projections: Universal encoding strategies?},
    author={Candes, Emmanuel J and Tao, Terence},
    journal={IEEE transactions on information theory},
    volume={52},
    number={12},
    pages={5406--5425},
    year={2006},
    publisher={IEEE}
}

% Publi #47
@article{candes2006stable,
    title={Stable signal recovery from incomplete and inaccurate measurements},
    author={Candes, Emmanuel J and Romberg, Justin K and Tao, Terence},
    journal={Communications on Pure and Applied Mathematics: A Journal Issued by the Courant Institute of Mathematical Sciences},
    volume={59},
    number={8},
    pages={1207--1223},
    year={2006},
    publisher={Wiley Online Library}
}

% Publi #48
@article{donoho2006compressed,
    title={Compressed sensing},
    author={Donoho, David L},
    journal={IEEE Transactions on information theory},
    volume={52},
    number={4},
    pages={1289--1306},
    year={2006},
    publisher={IEEE}
}

% Publi #49
@article{boyer_algorithm_2014,
    title = {An Algorithm for Variable Density Sampling with Block-Constrained Acquisition},
    volume = {7},
    number = {2},
    journal = SIAMIS,
    author = {Boyer, C. and Weiss, P. and Bigot, J.},
    month = jan,
    year = {2014},
    pages = {1080--1107}
}

% Publi #50
@inproceedings{quinsac_bayesian_2011,
    title = {Bayesian Compressed Sensing in Ultrasound Imaging},
    booktitle = CAMSAP,
    author = {Quinsac, C. and Dobigeon, N. and Basarab, A. and Kouam{\'e}, D. and Tourneret, J. Y.},
    month = dec,
    year = {2011},
    pages = {101--104}
}

% Publi #51
@article{bobin_compressed_2008,
    title = {Compressed Sensing in Astronomy},
    volume = {2},
    number = {5},
    journal = IEEEJSTSP,
    author = {Bobin, J. and Starck, J. L. and Ottensamer, R.},
    month = oct,
    year = {2008},
    pages = {718--726}
}

% Publi #52
@incollection{binev2012compressed,
    title={Compressed sensing and electron microscopy},
    author={Binev, Peter and Dahmen, Wolfgang and DeVore, Ronald and Lamby, Philipp and Savu, Daniel and Sharpley, Robert},
    booktitle={Modeling Nanoscale Imaging in Electron Microscopy},
    pages={73--126},
    year={2012},
    publisher=spring
}

% Publi #53
@article{jacob2019MM,
    title={Statistical Machine Learning and Compressed Sensing Approaches for Analytical Electron Tomography -- {A}pplication to Phase Change Materials},
    volume={25},
    number={S2},
    journal=MM,
    publisher=cambu,
    author={Jacob, Martin and El Gueddari, Loubna and Navarro, Gabriele and Cyrille, Marie-Claire and Bayle-Guillemaud, Pascale and Ciuciu, Philippe and Saghi, Zineb},
    year={2019},
    pages={156--157}
}

% Publi #54
@article{jacob2018MM,
    title={Multivariate Analysis and Compressed Sensing Methods for Spectroscopic Electron Tomography of Semiconductor Devices},
    volume={24},
    number={S1},
    journal=MM,
    publisher=cambu,
    author={Jacob, Martin and Sanders, Toby and Bernier, Nicolas and Grenier, Adeline and Pinheiro, Rafael Bortolin and Mazen, Frederic and Bayle-Guillemaud, Pascale and Saghi, Zineb},
    year={2018},
    pages={500--501}
}

% Publi #55
@article{mevenkamp2015poisson,
    title={Poisson noise removal from high-resolution stem images based on periodic block matching},
    author={Mevenkamp, Niklas and Binev, Peter and Dahmen, Wolfgang and Voyles, Paul M and Yankovich, Andrew B and Berkels, Benjamin},
    journal={Advanced Structural and Chemical Imaging},
    volume={1},
    number={1},
    pages={3},
    year={2015},
    publisher={Springer}
}

% Publi #56
@article{stevens2018apl,
    author = {Stevens,A.  and Luzi,L.  and Yang,H.  and Kovarik,L.  and Mehdi,B. L.  and Liyu,A.  and Gehm,M. E.  and Browning,N. D. },
    title = {A sub-sampled approach to extremely low-dose {STEM}},
    journal = APL,
    volume = {112},
    number = {4},
    pages = {043104},
    year = {2018},
}

% Publi #57
@ARTICLE{sanders2020inpainting,
    author={T. {Sanders} and C. {Dwyer}},
    journal={IEEE Transactions on Image Processing}, 
    title={Inpainting Versus Denoising for Dose Reduction in Scanning-Beam Microscopies}, 
    year={2020},
    volume={29},
    number={},    
    pages={351-359},
}

% Publi #58
@techreport{Monier2020SuppNum,
    author 	   = {E. Monier and Th. Oberlin and N. Brun and M. Tenc\'e and X. Li and N. Dobigeon},
    title        = {Fast reconstruction of atomic-scale {STEM-EELS} images from sparse sampling -- {C}omplementary results},
    institution  = {University of Toulouse, IRIT/INP-ENSEEIHT},
    address      = {France},
    month        = {Feb.},
    year         = {2020},
    url = {http://dobigeon.perso.enseeiht.fr/papers/Monier_TechReport_2020.pdf}
}

% Publi #59
@article{anscombe1948transformation,
    title={The transformation of Poisson, binomial and negative-binomial data},
    author={Anscombe, Francis J},
    journal={Biometrika},
    volume={35},
    number={3/4},
    pages={246--254},
    year={1948},
    publisher={JSTOR}
}

% Publi #60
@article{sibson1981interpreting,
    title={Interpreting multivariate data},
    author={Sibson, Robin and Barnett, Vic},
    journal={A brief description of natural neighbor interpolation},
    pages={21--36},
    year={1981},
    publisher={John Wiley \& Sons}
}

% Publi #61
@incollection{cazals2006delaunay,
    title={Delaunay triangulation based surface reconstruction},
    author={Cazals, Fr{\'e}d{\'e}ric and Giesen, Joachim},
    booktitle={Effective computational geometry for curves and surfaces},
    pages={231--276},
    year={2006},
    publisher={Springer}
}

% Publi #62
@incollection{hormann2014barycentric,
    title={Barycentric interpolation},
    author={Hormann, Kai},
    booktitle={Approximation Theory XIV: San Antonio 2013},
    pages={197--218},
    year={2014},
    publisher={Springer}
}

% Publi #63
@article{lee1980two,
    title={Two algorithms for constructing a Delaunay triangulation},
    author={Lee, Der-Tsai and Schachter, Bruce J},
    journal={International Journal of Computer \& Information Sciences},
    volume={9},
    number={3},
    pages={219--242},
    year={1980},
    publisher={Springer}
}

% Publi #64
@article{dwyer1987faster,
    title={A faster divide-and-conquer algorithm for constructing Delaunay triangulations},
    author={Dwyer, Rex A},
    journal={Algorithmica},
    volume={2},
    number={1-4},
    pages={137--151},
    year={1987},
    publisher={Springer}
}

% Publi #65
@book{boyd2004convex,
    title={Convex optimization},
    author={Boyd, Stephen and Boyd, Stephen P and Vandenberghe, Lieven},
    year={2004},
    publisher={Cambridge university press}
}

% Publi #66
@article{zhong2016surface,
    title={Surface inpainting with sparsity constraints},
    author={Zhong, Ming and Qin, Hong},
    journal={Computer Aided Geometric Design},
    volume={41},
    pages={23--35},
    year={2016},
    publisher={Elsevier}
}

% Publi #67
@article{tibshirani1996regression,
    title={Regression shrinkage and selection via the lasso},
    author={Tibshirani, Robert},
    journal={Journal of the Royal Statistical Society: Series B (Methodological)},
    volume={58},
    number={1},
    pages={267--288},
    year={1996},
    publisher={Wiley Online Library}
}

% Publi #68
@article{belloni2013least,
    comment={Post-LS 1},
    title={Least squares after model selection in high-dimensional sparse models},
    author={Belloni, Alexandre and Chernozhukov, Victor and others},
    journal={Bernoulli},
    volume={19},
    number={2},
    pages={521--547},
    year={2013},
    publisher={Bernoulli Society for Mathematical Statistics and Probability}
}

% Publi #69
@article{lederer2013trust,
    comment={Post-LS 2},
    title={Trust, but verify: benefits and pitfalls of least-squares refitting in high dimensions},
    author={Lederer, Johannes},
    journal={arXiv preprint arXiv:1306.0113},
    year={2013}
}

% Publi #70
@article{deledalle2017clear,
    comment={Post-LS 3},
    title={Clear: Covariant least-square refitting with applications to image restoration},
    author={Deledalle, Charles-Alban and Papadakis, Nicolas and Salmon, Joseph and Vaiter, Samuel},
    journal={SIAM Journal on Imaging Sciences},
    volume={10},
    number={1},
    pages={243--284},
    year={2017},
    publisher={SIAM}
}

% Publi #71
@book{weickert1998anisotropic,
    title={Anisotropic diffusion in image processing},
    author={Weickert, Joachim},
    volume={1},
    year={1998},
    publisher={Teubner Stuttgart}
}

% Publi #72
@article{perona1990scale,
    title={Scale-space and edge detection using anisotropic diffusion},
    author={Perona, Pietro and Malik, Jitendra},
    journal={IEEE Transactions on pattern analysis and machine intelligence},
    volume={12},
    number={7},
    pages={629--639},
    year={1990},
    publisher={IEEE}
}

% Publi #73
@article{shen2002mathematical,
    title={Mathematical models for local nontexture inpaintings},
    author={Shen, Jianhong and Chan, Tony F},
    journal={SIAM Journal on Applied Mathematics},
    volume={62},
    number={3},
    pages={1019--1043},
    year={2002},
    publisher={SIAM}
}

% Publi #74
@article{chan2001nontexture,
    title={Nontexture inpainting by curvature-driven diffusions},
    author={Chan, Tony F and Shen, Jianhong},
    journal={Journal of Visual Communication and Image Representation},
    volume={12},
    number={4},
    pages={436--449},
    year={2001},
    publisher={Elsevier}
}

% Publi #75
@inproceedings{mairal2009online,
    title={Online dictionary learning for sparse coding},
    author={Mairal, Julien and Bach, Francis and Ponce, Jean and Sapiro, Guillermo},
    booktitle={Proceedings of the 26th annual international conference on machine learning},
    pages={689--696},
    year={2009}
}

% Publi #76
@inproceedings{buades2005non,
    title={A non-local algorithm for image denoising},
    author={Buades, Antoni and Coll, Bartomeu and Morel, J-M},
    booktitle={2005 IEEE Computer Society Conference on Computer Vision and Pattern Recognition (CVPR'05)},
    volume={2},
    pages={60--65},
    year={2005},
    organization={IEEE}
}

% Publi #77
@article{dabov2007image,
    title={Image denoising by sparse 3-D transform-domain collaborative filtering},
    author={Dabov, Kostadin and Foi, Alessandro and Katkovnik, Vladimir and Egiazarian, Karen},
    journal={IEEE Transactions on image processing},
    volume={16},
    number={8},
    pages={2080--2095},
    year={2007},
    publisher={IEEE}
}

% Publi #78
@article{lebrun2013nonlocal,
    title={A nonlocal Bayesian image denoising algorithm},
    author={Lebrun, Marc and Buades, Antoni and Morel, Jean-Michel},
    journal={SIAM Journal on Imaging Sciences},
    volume={6},
    number={3},
    pages={1665--1688},
    year={2013},
    publisher={SIAM}
}

% Publi #79
@inproceedings{peyre2008non,
    comment={Non-Local regularization 1},
    title={Non-local regularization of inverse problems},
    author={Peyr{\'e}, Gabriel and Bougleux, S{\'e}bastien and Cohen, Laurent},
    booktitle={European Conference on Computer Vision},
    pages={57--68},
    year={2008},
    organization={Springer}
}

% Publi #80
@inproceedings{unni2018non,
    comment={Non-Local regularization 2},
    title={Non-Local Patch-Based Regularization for Image Restoration},
    author={Unni, VS and Chaudhury, Kunal N},
    booktitle={2018 25th IEEE International Conference on Image Processing (ICIP)},
    pages={1108--1112},
    year={2018},
    organization={IEEE}
}

% Publi #81
@inproceedings{arias2009variational,
    comment={Non-Local regularization 3},
    title={A variational framework for non-local image inpainting},
    author={Arias, Pablo and Caselles, Vicent and Sapiro, Guillermo},
    booktitle={International Workshop on Energy Minimization Methods in Computer Vision and Pattern Recognition},
    pages={345--358},
    year={2009},
    organization={Springer}
}

% Publi #82
@article{yang2012nonlocal,
    comment={Non-Local regularization 4},
    title={Nonlocal regularization of inverse problems: a unified variational framework},
    author={Yang, Zhili and Jacob, Mathews},
    journal={IEEE Transactions on Image Processing},
    volume={22},
    number={8},
    pages={3192--3203},
    year={2012},
    publisher={IEEE}
}

% Publi #83
@article{mallat1993matching,
    title={Matching pursuits with time-frequency dictionaries},
    author={Mallat, St{\'e}phane G and Zhang, Zhifeng},
    journal={IEEE Transactions on signal processing},
    volume={41},
    number={12},
    pages={3397--3415},
    year={1993},
    publisher={IEEE}
}

% Publi #84
@inproceedings{pati1993orthogonal,
    title={Orthogonal matching pursuit: Recursive function approximation with applications to wavelet decomposition},
    author={Pati, Yagyensh Chandra and Rezaiifar, Ramin and Krishnaprasad, Perinkulam Sambamurthy},
    booktitle={Proceedings of 27th Asilomar conference on signals, systems and computers},
    pages={40--44},
    year={1993},
    organization={IEEE}
}

% Publi #85
@article{elad2006image,
    title={Image denoising via sparse and redundant representations over learned dictionaries},
    author={Elad, Michael and Aharon, Michal},
    journal={IEEE Transactions on Image processing},
    volume={15},
    number={12},
    pages={3736--3745},
    year={2006},
    publisher={IEEE}
}

% Publi #86
@ARTICLE{mairal2008tip,
    author={J. {Mairal} and M. {Elad} and G. {Sapiro}},
    journal=IEEEIP,
    title={Sparse Representation for Color Image Restoration},
    year={2008},
    volume={17},
    number={1},
    pages={53-69},
    month=jan,
}

% Publi #87
@Article{naumova2018fast,
    author="Naumova, Valeriya and Schnass, Karin",
    title="Fast dictionary learning from incomplete data",
    journal=EJASP,
    year="2018",
    month=feb,
    day="22",
    volume="2018",
    number="1",
    pages="12",
}

% Publi #88
@INPROCEEDINGS{naumova2017dictionary,
    author={V. {Naumova} and K. {Schnass}},
    booktitle=EUSIPCO,
    title={Dictionary learning from incomplete data for efficient image restoration},
    year={2017},
    volume={},
    number={},
    pages={1425-1429},
    month=aug,
}

% Publi #89
@article{xing2012siam,
    author = {Xing, Z. and Zhou, M. and Castrodad, A. and Sapiro, G. and Carin, L.},
    title = {Dictionary Learning for Noisy and Incomplete Hyperspectral Images},
    journal = SIAMIS,
    volume = {5},
    number = {1},
    pages = {33-56},
    year = {2012},
}

% Publi #90
@ARTICLE{godaliyadda2018tci,
    author={G. M. D. P. {Godaliyadda} and D. H. {Ye} and M. D. {Uchic} and M. A. {Groeber} and G. T. {Buzzard} and C. A. {Bouman}},
    journal=IEEETCI,
    title={A Framework for Dynamic Image Sampling Based on Supervised Learning},
    year={2018},
    volume={4},
    number={1},
    pages={1-16},
    month=march,
}

% Publi #91
@article{zhang2018reduced,
    title = "Reduced electron exposure for energy-dispersive spectroscopy using dynamic sampling",
    journal = ULTRAMICR,
    volume = "184",
    pages = "90 - 97",
    year = "2018",
    author = "Yan Zhang and G. M. Dilshan Godaliyadda and Nicola Ferrier and Emine B. Gulsoy and Charles A. Bouman and Charudatta Phatak",
}

% Publi #92
@article{hujsak2018high,
    title={High speed/low dose analytical electron microscopy with dynamic sampling},
    author={Hujsak, Karl A and Roth, Eric W and Kellogg, William and Li, Yue and Dravid, Vinayak P},
    journal={Micron},
    volume={108},
    pages={31--40},
    year={2018},
    publisher=elsevier
}

% Publi #93
@article{han2018optimal,
    title = "Optimal sampling and reconstruction of undersampled atomic force microscope images using compressive sensing",
    journal = ULTRAMICR,
    volume = "189",
    pages = "85 - 94",
    year = "2018",
    author = "Guoqiang Han and Bo Lin",
}

% Publi #94
@article{berg2008probing,
    Author = {E. van den Berg and M. P. Friedlander},
    Title = {Probing the {Pareto} frontier for basis pursuit solutions},
    year = {2008},
    journal = SIAMSC,
    volume = {31},
    number = {2},
    pages = {890-912},
}

% Publi #95
@article{li2018compressed,
    title={Compressed Sensing of Scanning Transmission Electron Microscopy ({STEM}) on Non-Rectangular Scans},
    author={Li, Xin and Dyck, Ondrej and Kalinin, Sergei V. and Jesse, Stephen},
    journal={arXiv preprint arXiv:1805.04957},
    year={2018}
}

% Publi #96
@article{stevens2013potential,
    title={The potential for {B}ayesian compressive sensing to significantly reduce electron dose in high-resolution {STEM} images},
    author={Stevens, Andrew and Yang, Hao and Carin, Lawrence and Arslan, Ilke and Browning, Nigel D},
    journal={Microscopy},
    volume={63},
    number={1},
    pages={41--51},
    year={2013},
    publisher=oxfou
}

% Publi #97
@article{mucke2016practical,
    title={Practical implementation of compressive sensing for high resolution {STEM}},
    author={Mucke-Herzberg, Dorothea and Abellan, Patricia and Sarahan, Michael C and Godfrey, Iain S and Saghi, Zineb and Leary, Rowan K and Stevens, Andrew and Ma, Jackie and Kutyniok, Gitta and Azough, Feridoon and others},
    journal=MM,
    volume={22},
    number={S3},
    pages={558--559},
    year={2016},
    publisher=cambu
}

% Publi #98
@article{kovarik2016implementation,
    author = {Kovarik,L.  and Stevens,A.  and Liyu,A.  and Browning,N. D. },
    title = {Implementing an accurate and rapid sparse sampling approach for low-dose atomic resolution {STEM} imaging},
    journal = APL,
    volume = {109},
    number = {16},
    pages = {164102},
    year = {2016},
}

% Publi #99
@article{stevens2017tensor,
    title={Tensor-dictionary learning with deep {Kruskal-factor} analysis},
    author={Stevens, Andrew and Pu, Yunchen and Sun, Yannan and Spell, Greg and Carin, Lawrence},
    journal={arXiv preprint arXiv:1612.02842},
    year={2017}
}

% Publi #100
@article{stevens2016mm, 
    title={Compressive {STEM-EELS}}, 
    volume={22},
    number={S3}, 
    journal=MM, 
    publisher=cambu, 
    author={Stevens, Andrew and Kovarik, Libor and Yang, Hao and Pu, Yunchen and Carin, Lawrence and Browning, Nigel D.}, 
    year={2016}, 
    pages={560–561}
}

% Publi #101
@INPROCEEDINGS{zoran2011from,
    author={D. {Zoran} and Y. {Weiss}},
    booktitle=ICCV,
    title={From learning models of natural image patches to whole image restoration},
    year={2011},
    volume={},
    number={},
    pages={479-486},
    month=nov,
}

% Publi #102
@ARTICLE{parameswaran2019accelerating,
    author={S. {Parameswaran} and C. {Deledalle} and L. {Denis} and T. Q. {Nguyen}},
    journal=IEEEIP,
    title={Accelerating {GMM-Based} Patch Priors for Image Restoration: Three Ingredients for a $100{\times}$ Speed-Up},
    year={2019},
    volume={28},
    number={2},
    pages={687-698},
    month=feb,
}

% Publi #103
@article{sang2017dynamic,
    title={Dynamic scan control in {STEM}: Spiral scans},
    author={Sang, Xiahan and Lupini, Andrew R and Unocic, Raymond R and Chi, Miaofang and Borisevich, Albina Y and Kalinin, Sergei V and Endeve, Eirik and Archibald, Richard K and Jesse, Stephen},
    journal=ASCI,
    volume={2},
    number={1},
    pages={6},
    year={2017},
    publisher=spring
}

% Publi #104
@article{li2018compressive,
    title={Compressive sensing on diverse {STEM} scans: real-time feedback, low-dose and dynamic range},
    author={Li, Xin and Dyck, Ondrej and Kalinin, Sergei V and Jesse, Stephen},
    journal={arXiv preprint arXiv:1805.04957},
    year={2018},
}

% Publi #105
@article{dahmen2016feature,
    title={Feature adaptive sampling for scanning electron microscopy},
    author={Dahmen, Tim and Engstler, Michael and Pauly, Christoph and Trampert, Patrick and De Jonge, Niels and M{\"u}cklich, Frank and Slusallek, Philipp},
    journal={Scientific Rep.},
    volume={6},
    pages={25350},
    year={2016},
    publisher={Nature Publishing Group}
}

% Publi #106
@article{dahmen2019adaptive,
    title={An Adaptive Sparse Sampling Scheme for Scanning Electron Microscopy using {D}elauney Triangulation}, 
    volume={25},
    number={S2},
    journal=M&M, 
    publisher=cambu, 
    author={Dahmen, Tim and Trampert, Patrick}, 
    year={2019}, 
    pages={154–155}
}

% Publi #107
@article{hawe2013analysis,
    title={Analysis operator learning and its application to image reconstruction},
    author={Hawe, Simon and Kleinsteuber, Martin and Diepold, Klaus},
    journal=IEEEIP,
    volume={22},
    number={6},
    pages={2138--2150},
    year={2013},
}

% Publi #108
@article{trampert2018exemplar, 
    title={Exemplar-Based Inpainting Based on Dictionary Learning for Sparse Scanning Electron Microscopy}, 
    volume={24},
    number={S1}, 
    journal=MM, 
    publisher=cambu, 
    author={Trampert, Patrick and Schlabach, Sabine and Dahmen, Tim and Slusallek, Philipp}, 
    year={2018}, 
    pages={700--701}
}

% Publi #109
@article{zhang_hyperspectral_2014,
    title = {Hyperspectral Image Restoration Using Low-Rank Matrix Recovery},
    volume = {52},
    number = {8},
    journal = IEEEGRS,
    author = {Zhang, H. and He, W. and Zhang, L. and Shen, H. and Yuan, Q.},
    month = aug,
    year = {2014},
    pages = {4729--4743}
}

% Publi #110
@inproceedings{chayes_pre_processing_2017,
    title = {Pre-Processing and Classification of Hyperspectral Imagery via Selective Inpainting},
    booktitle = ICASSP,
    author = {Chayes, V. and Miller, K. and Bhalerao, R. and Luo, J. and Zhu, W. and Bertozzi, A. L. and Liao, W. and Osher, S.},
    month = mar,
    year = {2017},
    pages = {6195--6199}
}

% Publi #111
@inproceedings{golbabaee_hyperspectral_2012,
    title = {Hyperspectral Image Compressed Sensing via Low-Rank and Joint-Sparse Matrix Recovery},
    booktitle = ICASSP,
    author = {Golbabaee, M. and Vandergheynst, P.},
    month = mar,
    year = {2012},
    pages = {2741--2744}
}

% Publi #112
@inproceedings{chen_inpainting_2012,
    author = {Alex Chen},
    title = {The inpainting of hyperspectral images: a survey and adaptation to hyperspectral data},
    booktitle = {Proc. SPIE},
    volume = {8537},
    year = {2012},
}

% Publi #113
@article{recht2010guaranteed,
    title={Guaranteed minimum-rank solutions of linear matrix equations via nuclear norm minimization},
    author={Recht, Benjamin and Fazel, Maryam and Parrilo, Pablo A},
    journal={SIAM review},
    volume={52},
    number={3},
    pages={471--501},
    year={2010},
    publisher={SIAM}
}

% Publi #114
@article{wei2015bayesian,
    author       = {Q. Wei and N. Dobigeon and J.-Y. Tourneret},
    title        = {Bayesian fusion of multi-band images},
    journal      = IEEEJSTSP,
    year         = 2015,
    month        = sep,
    volume       = {9},
    number       = {6},
    pages        = {1117--1127},
}

% Publi #115
@article{wei2015fast,
    author       = {Q. Wei and N. Dobigeon and J.-Y. Tourneret},
    title        = {Fast fusion of multi-band images based on solving a {S}ylvester equation},
    journal      = IEEEIP,
    year         = {2015},
    month        = nov,
    volume       = {24},
    number       = {11},
    pages        = {4109--4121},
}

% Publi #116
@article{mestre2008improved,
    title={Improved estimation of eigenvalues and eigenvectors of covariance matrices using their sample estimates},
    author={Mestre, Xavier},
    journal=IEEEIT,
    volume={54},
    number={11},
    pages={5113--5129},
    year={2008},
}

% Publi #117
@conference{LinPerl1985,
    title={A {Monte Carlo} comparision of four estimators for a covariance matrix},
    author={Lin, S.P. and Perlman, M.D.},
    booktitle={Multivariate Anal.},
    volume={6},
    pages={411--429},
    year={1985},
}

% Publi #118
@article{beck_fast_2009,
    title = {A Fast Iterative Shrinkage-Thresholding Algorithm for Linear Inverse Problems},
    volume = {2},
    number = {1},
    journal = SIAMIS,
    author = {Beck, A. and Teboulle, M.},
    month = jan,
    year = {2009},
    pages = {183--202}
}

% Publi #119
@article{cai1956singular,
    title={A singular value thresholding algorithm for matrix completion},
    author={Cai, Jian-Feng and Cand{\`e}s, Emmanuel J and Shen, Zuowei},
    journal={SIAM J. on Optimization},
    volume={20},
    number={4},
    pages={2010},
    year={1956},
}

% Publi #120
@article{verrier2016topography,
    title={Topography, composition and structure of incipient {Randall} plaque at the nanoscale level},
    author={Verrier, C{\'e}cile and Bazin, Dominique and Huguet, L{\'e}a and St{\'e}phan, Odile and Gloter, Alexandre and Verpont, Marie-Christine and Frochot, Vincent and Haymann, Jean-Philippe and Brocheriou, Isabelle and Traxer, Olivier and others},
    journal=JUR,
    volume={196},
    number={5},
    pages={1566--1574},
    year={2016},
    publisher={Elsevier}
}

% Publi #121
@article{keshava2004distance,
    title={Distance metrics and band selection in hyperspectral processing with applications to material identification and spectral libraries},
    author={Keshava, Nirmal},
    journal=IEEEGRS,
    volume={42},
    number={7},
    pages={1552--1565},
    year={2004},
}

% Publi #122
@article{sohn2002supervised,
    title={Supervised and unsupervised spectral angle classifiers},
    author={Sohn, Youngsinn and Rebello, N Sanjay},
    journal=PERS,
    volume={68},
    number={12},
    pages={1271--1282},
    year={2002},
}

% Publi #123
@article{wang2009mean,
    author={Z. {Wang} and A. C. {Bovik}},
    journal=IEEESP,
    title={Mean squared error: Love it or leave it? A new look at Signal Fidelity Measures},
    year={2009},
    volume={26},
    number={1},
    pages={98--117},
    month=jan,
}

% Publi #124
@ARTICLE{wang2004image,
    author={ {Zhou Wang} and A. C. {Bovik} and H. R. {Sheikh} and E. P. {Simoncelli}},
    journal=IEEEsp,
    title={Image quality assessment: from error visibility to structural similarity},
    year={2004},
    volume={13},
    number={4},
    pages={600--612},
    month=apr,
}

% Publi #125
@article{kowalski2009sparse,
    title = "Sparse regression using mixed norms",
    journal = ACHA,
    volume = "27",
    number = "3",
    pages = "303 - 324",
    year = "2009",
    author = "Matthieu Kowalski",
}

% Publi #126
@ARTICLE{zhang2011joint,
    author = {Q.~Zhang and R.~Plemmons and D.~Kittle and D.~Brady and S.~Prasad},
    title = {Joint segmentation and reconstruction of hyperspectral data with
    compressed measurements},
    journal = AO,
    year = {2011},
    volume = {50},
    pages = {4417--4435},
    number = {22}
}

% Publi #127
@article{martin2014hyca,
    title={HYCA: A new technique for hyperspectral compressive sensing},
    author={Mart{\'\i}n, Gabriel and Bioucas-Dias, Jos{\'e} M and Plaza, Antonio},
    journal=IEEEGRS,
    volume={53},
    number={5},
    pages={2819--2831},
    year={2014},
}

% Publi #128
@ARTICLE{shuang2018fast,
    author = {Zhuang, Lina and Bioucas-Dias, Jos{\'e} M},
    title = {Fast hyperspectral image denoising and inpainting based on low-rank
    and sparse representations},
    journal = IEEEJSTARS,
    year = {2018},
    volume = {11},
    pages = {730--742},
    number = {3}
}

% Publi #129
@Conference{wycoff2013nonnegative,
    author    = {Eliot Wycoff and Tsung-Han Chan and Kui Jia and Wing-Kin Ma and and Yi Ma},
    title     = {Non-negative sparse promoting algorithm for high resolution hyperspectral imaging},
    booktitle = icassp,
    year      = {2013},
    address   = {Vancouver, Canada},
    owner     = {nicolas},
    timestamp = {2018.07.31},
}

% Publi #130
@ARTICLE{simoes2014convex,
    author = {Sim\~{o}es, M. and {Bioucas Dias}, J. and Almeida, L. and Chanussot,
    J.},
    title = {A convex formulation for hyperspectral image superresolution via
    subspace-based regularization},
    journal = IEEEGRS,
    year = {2015},
    volume = {6},
    pages = {3373--3388},
    number = {53},
    month = june
}

% Publi #131
@article{jenatton2011proximal,
    title={Proximal methods for hierarchical sparse coding},
    author={Jenatton, Rodolphe and Mairal, Julien and Obozinski, Guillaume and Bach, Francis},
    journal=JMLR,
    volume={12},
    number=jul,
    pages={2297--2334},
    year={2011}
}

% Publi #132
@inbook{li2016charge,
    author = {Li, Xiaoyan and Gloter, Alexandre and Preziosi, Daniele},
    publisher = {American Cancer Society},
    title = {{Charge, strain and polarization profiling in Ferroelectric/Ferromagnetic epitaxial heterostructures}},
    booktitle = EMC,
    pages = {885-886},
    chapter = {},
    year = {2016},
}

% Publi #133
@article{preziosi2018direct,
    title={Direct Mapping of Phase Separation across the Metal--Insulator Transition of {NdNiO3}},
    author={Preziosi, Daniele and Lopez-Mir, Laura and Li, Xiaoyan and Cornelissen, Tom and Lee, Jin Hong and Trier, Felix and Bouzehouane, Karim and Valencia, Sergio and Gloter, Alexandre and Barth\'el\'emy, Agn\`es and others},
    journal={Nano Lett.},
    volume={18},
    number={4},
    pages={2226--2232},
    year={2018},
}

% Publi #134
@article{ledoit2004well,
    title={A well-conditioned estimator for large-dimensional covariance matrices},
    author={Ledoit, Olivier and Wolf, Michael},
    journal={J. Multivariate Analysis},
    volume={88},
    number={2},
    pages={365--411},
    year={2004},
    publisher={Elsevier}
}

% Publi #135
@phdthesis{riot2018residual,
    TITLE = {{Residual whiteness for image denoising}},
    AUTHOR = {Riot, Paul},
    URL = {https://pastel.archives-ouvertes.fr/tel-01828883},
    NUMBER = {2018ENST0006},
    SCHOOL = {T{\'e}l{\'e}com ParisTech},
    YEAR = {2018},
    MONTH = feb,
    TYPE = {Ph.D. thesis},
    PDF = {https://pastel.archives-ouvertes.fr/tel-01828883/file/TheseRiot.pdf},
    HAL_ID = {tel-01828883},
    HAL_VERSION = {v1},
}


%% Non-used part
%%
%%

% Supp #1
@article{aharon2006k,
    title={K-SVD: An algorithm for designing overcomplete dictionaries for sparse representation},
    author={Aharon, Michal and Elad, Michael and Bruckstein, Alfred},
    journal={IEEE Transactions on signal processing},
    volume={54},
    number={11},
    pages={4311--4322},
    year={2006},
    publisher={IEEE}
}

% Supp #2
@article{ferraris2012coupled,
    title = {Coupled dictionary learning for unsupervised change detection between multi-sensor remote sensing images},
    journal = {Arxiv},
    author = {V. Ferraris and N. Dobigeon and Yanna Cavalcanti and Thomas Oberlin and M. Chabert},
    year = {2018},
    keywords	= {submitted}
}

% Supp #3
@article{jannach2019collaborative,
    title={Collaborative filtering: Matrix completion and session-based recommendation tasks},
    author={Jannach, Dietmar and Zanker, Markus},
    journal={Collaborative Recommendations: Algorithms, Practical Challenges and Applications},
    pages={1--38},
    year={2019},
    publisher={World Scientific}
}

% Supp #4
@article{nasrollahi2014super,
    title={Super-resolution: a comprehensive survey},
    author={Nasrollahi, Kamal and Moeslund, Thomas B},
    journal={Machine vision and applications},
    volume={25},
    number={6},
    pages={1423--1468},
    year={2014},
    publisher={Springer}
}

% Supp #5
@article{catte1992image,
    title={Image selective smoothing and edge detection by nonlinear diffusion},
    author={Catt{\'e}, Francine and Lions, Pierre-Louis and Morel, Jean-Michel and Coll, Tomeu},
    journal={SIAM Journal on Numerical analysis},
    volume={29},
    number={1},
    pages={182--193},
    year={1992},
    publisher={SIAM}
}

% Supp #6
@inproceedings{plaza2005mapping,
    title={Mapping oil spills on sea water using spectral mixture analysis of hyperspectral image data},
    author={Plaza, Javier and P{\'e}rez, Rosa and Plaza, Antonio and Mart{\'\i}nez, Pablo and Valencia, David},
    booktitle={Chemical and Biological Standoff Detection III},
    volume={5995},
    pages={599509},
    year={2005},
    organization={International Society for Optics and Photonics}
}

