% Publi #1
@book{egerton2011electron,
    title={Electron energy-loss spectroscopy in the electron microscope},
    author={Egerton, Ray F},
    year={2011},
    publisher={Springer Science \& Business Media}
}

% Publi #2
@article{colliex1998microscopie,
    title={La microscopie {\'e}lectronique},
    author={Colliex, Christian},
    journal={Que sais-je?},
    year={1998},
    publisher={Presses universitaires de France}
}

% Publi #3
@article{zobelli2019spatial,
    title = "Spatial and spectral dynamics in {STEM} hyperspectral imaging using random scan patterns",
    journal = ULTRAMICR,
    pages = "112912",
    year = "2019",
    author = "Alberto Zobelli and Steffi Y. Woo and Anna Tararan and Luiz H.G. Tizei and Nathalie Brun and Xiaoyan Li and Odile Stéphan and Mathieu Kociak and Marcel Tencé",
}

% Publi #4
@article{jolliffe2002springer,
    title={Springer series in statistics},
    author={Jolliffe, Ian T},
    journal={Principal component analysis},
    volume={29},
    year={2002},
    publisher=spring
}

% Publi #5
@article{schaepman2009earth,
    title={Earth system science related imaging spectroscopy—An assessment},
    author={Schaepman, Michael E and Ustin, Susan L and Plaza, Antonio J and Painter, Thomas H and Verrelst, Jochem and Liang, Shunlin},
    journal=RSE,
    volume={113},
    pages={S123--S137},
    year={2009},
    publisher=elsevier
}

% Publi #6
@article{smith1985quantitative,
    title={Quantitative determination of mineral types and abundances from reflectance spectra using principal components analysis},
    author={Smith, Milton O and Johnson, Paul E and Adams, John B},
    journal=JGR,
    volume={90},
    number={S02},
    pages={C797--C804},
    year={1985},
    publisher=wiley
}

% Publi #7
@article{gowen2007hyperspectral,
    title={Hyperspectral imaging--an emerging process analytical tool for food quality and safety control},
    author={Gowen, AA and O'Donnell, CPo and Cullen, PJ and Downey, G and Frias, JM},
    journal={Trends in food science \& technology},
    volume={18},
    number={12},
    pages={590--598},
    year={2007},
    publisher=elsevier
}

% Publi #8
@article{akbari2010detection,
    title={Detection and analysis of the intestinal ischemia using visible and invisible hyperspectral imaging},
    author={Akbari, Hamed and Kosugi, Yukio and Kojima, Kazuyuki and Tanaka, Naofumi},
    journal=IEEEBE,
    volume={57},
    number={8},
    pages={2011--2017},
    year={2010},
    publisher=ieee
}

% Publi #9
@Incollection{dobigeon2016linear,
    author       = {N. Dobigeon and Y. Altmann and N. Brun and S. Moussaoui},
    title        = {Linear and nonlinear unmixing in hyperspectral imaging},
    booktitle    = {Resolving spectral mixtures -- With application from ultrafast time-resolved spectroscopy to superresolution imaging},
    editor       = {C. Ruckebusch},
    series       = {Data Handling in Science and Technology},
    publisher    = elsevier,
    address      = {Oxford, U.K.},
    year         = {2016},
    volume       = {30},
    pages        = {185--224},
}

% Publi #10
@article{bioucas2012hyperspectral,
    title = {Hyperspectral Unmixing Overview: Geometrical, Statistical, and Sparse Regression-Based Approaches},
    volume = {5},
    number = {2},
    journal = IEEEJSTARS,
    author = {Bioucas-Dias, J. M. and Plaza, A. and Dobigeon, N. and Parente, M. and Du, Q. and Gader, P. and Chanussot, J.},
    month = apr,
    year = {2012},
    pages = {354--379}
}

% Publi #11
@Article{dobigeon2012spectral,
    author       = {N. Dobigeon and N. Brun},
    title        = {Spectral mixture analysis of {EELS} spectrum-images},
    journal      = ULTRAMICR,
    year         = 2012,
    month        = sep,
    volume       = {120},
    pages        = {25--34},
    webpage      = {http://dobigeon.perso.enseeiht.fr/applications/app_EELS.html},
}

% Publi #12
@article{colliex2012stem,
    title={The {STEM} multi-signal approach: learning the most from your nano-object},
    author={Colliex, Christian and Gloter, Alexandre and Kociak, Mathieu and March, Katia and St{\'e}phan, Odile and Tenc{\'e}, Marcel},
    volume={6},
    journal=M&M, 
    publisher=cambu,
    year={2012}, 
    pages={33-42}
}

% Publi #13
@article{pennycook2011seeing,
    title={Seeing oxygen disorder in {YSZ/SrTiO3} colossal ionic conductor heterostructures using {EELS}},
    author={Pennycook, Timothy J and Oxley, Mark P and Garcia-Barriocanal, Javier and Bruno, Flavio Y and Leon, C and Santamaria, J and Pantelides, ST and Varela, M and Pennycook, SJ},
    journal=EPJAP,
    volume={54},
    number={3},
    year={2011},
    publisher=edp
}

% Publi #14
@article{lelong1998hyperspectral,
    title={Hyperspectral imaging and stress mapping in agriculture: A case study on wheat in {Beauce} ({France})},
    author={Lelong, Camille CD and Pinet, Patrick C and Poilv{\'e}, Herv{\'e}},
    journal=RSE,
    volume={66},
    number={2},
    pages={179--191},
    year={1998},
    publisher=elsevier
}

% Publi #15
@article{bonnet1999extracting,
    title={Extracting information from sequences of spatially resolved {EELS} spectra using multivariate statistical analysis},
    author={Bonnet, N and Brun, N and Colliex, C},
    journal=ULTRAMICR,
    volume={77},
    number={3-4},
    pages={97--112},
    year={1999},
    publisher=elsevier
}

% Publi #16
@article{bosman2006mapping,
    title={Mapping chemical and bonding information using multivariate analysis of electron energy-loss spectrum images},
    author={Bosman, M and Watanabe, M and Alexander, DTL and Keast, VJ},
    journal=ULTRAMICR,
    volume={106},
    number={11-12},
    pages={1024--1032},
    year={2006},
    publisher=elsevier
}

% Publi #17
@article{trebbia1990eels,
    title={{EELS} elemental mapping with unconventional methods {I. T}heoretical basis: Image analysis with multivariate statistics and entropy concepts},
    author={Trebbia, Pierre and Bonnet, No{\"e}l},
    journal=ULTRAMICR,
    volume={34},
    number={3},
    pages={165--178},
    year={1990},
    publisher=elsevier
}

% Publi #18
@inproceedings{bayliss1998analyzing,
    title={Analyzing hyperspectral data with independent component analysis},
    author={Bayliss, Jessica D and Gualtieri, J Anthony and Cromp, Robert F},
    booktitle=AIPR,
    volume={3240},
    pages={133--143},
    year={1998},
    organization={International Society for Optics and Photonics}
}

% Publi #19
@inproceedings{chen1999independent,
    title={Independent component analysis for remote sensing study},
    author={Chen, Chi Hau and Zhang, Xiaohui},
    booktitle=AIPR,
    volume={3871},
    pages={150--158},
    year={1999},
    organization=spie
}

% Publi #21
@book{comon2010handbook,
    title={Handbook of Blind Source Separation: Independent component analysis and applications},
    author={Comon, Pierre and Jutten, Christian},
    year={2010},
    publisher=academic
}

% Publi #22
@article{nascimento2005vertex,
    title={Vertex component analysis: A fast algorithm to unmix hyperspectral data},
    author={Nascimento, Jos{\'e} MP and Dias, Jos{\'e} MB},
    journal=IEEEGRS,
    volume={43},
    number={4},
    pages={898--910},
    year={2005},
    publisher=ieee
}

% Publi #23
@inproceedings{bioucas2009variable,
    title={A variable splitting augmented Lagrangian approach to linear spectral unmixing},
    author={Bioucas-Dias, Jos{\'e} M},
    booktitle=WHISPERS,
    pages={1--4},
    year={2009},
    organization=ieee
}

% Publi #24
@Article{dobigeon2009joint,
    author       = {N. Dobigeon and S. Moussaoui and M. Coulon and J.-Y. Tourneret and A. O. Hero},
    title        = {Joint {B}ayesian endmember extraction and linear unmixing for hyperspectral imagery},
    journal      = IEEESP,
    year         = 2009,
    month        = nov,
    volume       = {57},
    number       = {11},
    pages        = {4355--4368},
    webpage      = {http://dobigeon.perso.enseeiht.fr/applications/app_hyper_SMA.html},
}

% Publi #25
@inproceedings{bioucas2010alternating,
    title={Alternating direction algorithms for constrained sparse regression: {A}pplication to hyperspectral unmixing},
    author={Bioucas-Dias, Jos{\'e} M and Figueiredo, M{\'a}rio AT},
    booktitle=WHISPERS,
    pages={1--4},
    year={2010},
    organization=ieee
}

% Publi #26
@article{eckstein1992douglas,
    title={On the {D}ouglas—{R}achford splitting method and the proximal point algorithm for maximal monotone operators},
    author={Eckstein, Jonathan and Bertsekas, Dimitri P},
    journal=MATHPROG,
    volume={55},
    number={1-3},
    pages={293--318},
    year={1992},
    publisher=spring
}

% Publi #27
@incollection{combettes2011proximal,
    title={Proximal splitting methods in signal processing},
    author={Combettes, Patrick L and Pesquet, Jean-Christophe},
    booktitle={Fixed-point algorithms for inverse problems in science and engineering},
    pages={185--212},
    year={2011},
    publisher=spring
}

% Publi #28
@article{egerton2004radiation,
    title = {Radiation damage in the {TEM} and {SEM}},
    journal = "Micron",
    volume = "35",
    number = "6",
    pages = "399 - 409",
    year = "2004",
    author = "R.F. Egerton and P. Li and M. Malac",
}

% Publi #29
@article{beche2016development,
    title={Development of a fast electromagnetic beam blanker for compressed sensing in scanning transmission electron microscopy},
    author={B{\'e}ch{\'e}, Armand and Goris, Bart and Freitag, Bert and Verbeeck, Jo},
    journal=APL,
    volume={108},
    number={9},
    pages={093103},
    year={2016},
}

% Publi #30
@inproceedings{tararan2016random,
    title={Random scanning mode for the spectroscopy of sensitive materials},
    author={Tararan, Anna and Tenc{\'e}, Marcel and Brun, Nathalie and Kociak, Mathieu and Zobelli, Alberto},
    booktitle=EMC,
    year={2016},
}

% Publi #31
@inproceedings{tence2019following,
    title={Following the temporal evolution of spectroscopic signal using pre-defined scan patterns},
    author={Tenc{\'e}, M and Zobelli, A and Tizei, L.H.G and Tararan, A and Brun, N and Kociak, M and St{\'e}phan, O},
    booktitle=IMC,
    year={2019},
}

% Publi #32
@article{bosman2007two,
    title={Two-dimensional mapping of chemical information at atomic resolution},
    author={Bosman, M and Keast, VJ and Garcia-Munoz, JL and D’Alfonso, Adrian J and Findlay, SD and Allen, LJ},
    journal=PhyRL,
    volume={99},
    number={8},
    pages={086102},
    year={2007},
    publisher={APS}
}

% Publi #33
@article{dudeck2012quantitative,
    title={Quantitative statistical analysis, optimization and noise reduction of atomic resolved electron energy loss spectrum images},
    author={Dudeck, KJ and Couillard, Martin and Lazar, Sorin and Dwyer, Christian and Botton, Gianluigi A},
    journal={Micron},
    volume={43},
    number={1},
    pages={57--67},
    year={2012},
    publisher=elsevier
}

% Publi #34
@article{lichtert2013statistical,
    title = "Statistical consequences of applying a {PCA} noise filter on {EELS} spectrum images",
    journal = ULTRAMICR,
    volume = "125",
    pages = "35 - 42",
    year = "2013",
    author = "Stijn Lichtert and Jo Verbeeck",
}

% Publi #35
@article{spiegelberg2017can,
    title = "Can we use {PCA} to detect small signals in noisy data?",
    journal = ULTRAMICR,
    volume = "172",
    pages = "40 - 46",
    year = "2017",
    author = "Jakob Spiegelberg and Ján Rusz",
}

% Publi #36
@article{mevenkamp2017mm, 
    title={Denoising Electron-energy Loss Data Using Non-local Means Filters}, 
    volume={23}, 
    number={S1}, 
    journal=MM, 
    publisher=cambu, 
    author={Mevenkamp, Niklas and Berkels, Benjamin and Duchamp, Martial}, 
    year={2017}, 
    pages={106–107}
}

% Publi #37
@article{trampert2018ultramicroscopy,
    title = "How should a fixed budget of dwell time be spent in scanning electron microscopy to optimize image quality?",
    journal = ULTRAMICR,
    volume = "191",
    pages = "11 - 17",
    year = "2018",
    author = "Patrick Trampert and Faysal Bourghorbel and Pavel Potocek and Maurice Peemen and Christian Schlinkmann and Tim Dahmen and Philipp Slusallek",
}

% Publi #38
@article{spiegelberg2018local,
    title={Local low rank denoising for enhanced atomic resolution imaging},
    author={Spiegelberg, Jakob and Idrobo, Juan Carlos and Herklotz, Andreas and Ward, Thomas Zac and Zhou, Wu and Rusz, J{\'a}n},
    journal=ULTRAMICR,
    volume={187},
    pages={34--42},
    year={2018},
    publisher=elsevier
}

% Publi #39
@inproceedings{beche2016compressed,
    title={Compressed sensing for beam sensitive materials imaging in Scanning Transmission Electron Microscopy},
    author={B{\'e}ch{\'e}, Armand and Goris, Bart and Freitag, Bert and Verbeeck, Jo},
    booktitle=EMC,
    pages={340--341},
    year={2016},
    organization=wiley
}

% Publi #40
@article{stevens2014potential,
    title={The potential for {B}ayesian compressive sensing to significantly reduce electron dose in high-resolution {STEM} images},
    author={Stevens, Andrew and Yang, Hao and Carin, Lawrence and Arslan, Ilke and Browning, Nigel D},
    journal={Microscopy},
    volume={63},
    number={1},
    pages={41--51},
    year={2014},
    publisher=oxfou
}

% Publi #41
@inproceedings{anderson2013sparse,
    title={Sparse imaging for fast electron microscopy},
    author={Anderson, Hyrum S and Ilic-Helms, Jovana and Rohrer, Brandon and Wheeler, Jason and Larson, Kurt},
    booktitle=CI,
    volume={8657},
    pages={86570C},
    year={2013},
    organization=spie
}

% Publi #42
@ARTICLE{criminisi2004region,
    author={A. {Criminisi} and P. {Perez} and K. {Toyama}},
    journal=IEEEIP,
    title={Region filling and object removal by exemplar-based image inpainting},
    year={2004},
    volume={13},
    number={9},
    pages={1200-1212},
    month=sep,
}

% Publi #43
@article{zhang2013hyperspectral,
    title={Hyperspectral image restoration using low-rank matrix recovery},
    author={Zhang, Hongyan and He, Wei and Zhang, Liangpei and Shen, Huanfeng and Yuan, Qiangqiang},
    journal=IEEEGRS,
    volume={52},
    number={8},
    pages={4729--4743},
    year={2013},
    publisher=ieee
}

% Publi #44
@inproceedings{bertalmio2000image,
    comment={Paper which introduced the inpainting term.},
    title={Image inpainting},
    author={Bertalmio, Marcelo and Sapiro, Guillermo and Caselles, Vincent and Ballester, Coloma},
    booktitle=SIGGRAPH,
    pages={417--424},
    year={2000}
}

% Publi #45
@article{peyre2011numerical,
    author = {G. Peyr\'e},
    journal = IEEECST,
    title = {The Numerical Tours of Signal Processing},
    year = {2011},
    volume = {13},
    number = {04},
    issn = {1558-366X},
    pages = {94-97},
    publisher = ieee,
    month = {jul}
}

% Publi #46
@article{candes2006near,
    title={Near-optimal signal recovery from random projections: Universal encoding strategies?},
    author={Candès, Emmanuel J and Tao, Terence},
    journal=IEEEIT,
    volume={52},
    number={12},
    pages={5406--5425},
    year={2006},
    publisher=ieee
}

% Publi #47
@article{candes2006stable,
    title={Stable signal recovery from incomplete and inaccurate measurements},
    author={Candes, Emmanuel J and Romberg, Justin K and Tao, Terence},
    journal=CPAM,
    volume={59},
    number={8},
    pages={1207--1223},
    year={2006},
    publisher=wiley
}

% Publi #48
@article{donoho2006compressed,
    title={Compressed sensing},
    author={Donoho, David L},
    journal=IEEEIT,
    volume={52},
    number={4},
    pages={1289--1306},
    year={2006},
    publisher=ieee
}

% Publi #49
@article{boyer_algorithm_2014,
    title = {An Algorithm for Variable Density Sampling with Block-Constrained Acquisition},
    volume = {7},
    number = {2},
    journal = SIAMIS,
    author = {Boyer, C. and Weiss, P. and Bigot, J.},
    month = jan,
    year = {2014},
    pages = {1080--1107}
}

% Publi #50
@inproceedings{quinsac_bayesian_2011,
    title = {Bayesian Compressed Sensing in Ultrasound Imaging},
    booktitle = CAMSAP,
    author = {Quinsac, C. and Dobigeon, N. and Basarab, A. and Kouam{\'e}, D. and Tourneret, J. Y.},
    month = dec,
    year = {2011},
    pages = {101--104}
}

% Publi #51
@article{bobin_compressed_2008,
    title = {Compressed Sensing in Astronomy},
    volume = {2},
    number = {5},
    journal = IEEEJSTSP,
    author = {Bobin, J. and Starck, J. L. and Ottensamer, R.},
    month = oct,
    year = {2008},
    pages = {718--726}
}

% Publi #52
@incollection{binev2012compressed,
    title={Compressed sensing and electron microscopy},
    author={Binev, Peter and Dahmen, Wolfgang and DeVore, Ronald and Lamby, Philipp and Savu, Daniel and Sharpley, Robert},
    booktitle={Modeling Nanoscale Imaging in Electron Microscopy},
    pages={73--126},
    year={2012},
    publisher=spring
}

% Publi #53
@article{jacob2019MM,
    title={Statistical Machine Learning and Compressed Sensing Approaches for Analytical Electron Tomography -- {A}pplication to Phase Change Materials},
    volume={25},
    number={S2},
    journal=MM,
    publisher=cambu,
    author={Jacob, Martin and El Gueddari, Loubna and Navarro, Gabriele and Cyrille, Marie-Claire and Bayle-Guillemaud, Pascale and Ciuciu, Philippe and Saghi, Zineb},
    year={2019},
    pages={156--157}
}

% Publi #54
@article{jacob2018MM,
    title={Multivariate Analysis and Compressed Sensing Methods for Spectroscopic Electron Tomography of Semiconductor Devices},
    volume={24},
    number={S1},
    journal=MM,
    publisher=cambu,
    author={Jacob, Martin and Sanders, Toby and Bernier, Nicolas and Grenier, Adeline and Pinheiro, Rafael Bortolin and Mazen, Frederic and Bayle-Guillemaud, Pascale and Saghi, Zineb},
    year={2018},
    pages={500--501}
}

% Publi #55
@article{mevenkamp2015poisson,
    title={Poisson noise removal from high-resolution stem images based on periodic block matching},
    author={Mevenkamp, Niklas and Binev, Peter and Dahmen, Wolfgang and Voyles, Paul M and Yankovich, Andrew B and Berkels, Benjamin},
    journal=ASCI,
    volume={1},
    number={1},
    pages={3},
    year={2015},
    publisher=spring
}

% Publi #56
@article{stevens2018apl,
    author = {Stevens,A.  and Luzi,L.  and Yang,H.  and Kovarik,L.  and Mehdi,B. L.  and Liyu,A.  and Gehm,M. E.  and Browning,N. D. },
    title = {A sub-sampled approach to extremely low-dose {STEM}},
    journal = APL,
    volume = {112},
    number = {4},
    pages = {043104},
    year = {2018},
}

% Publi #57
@ARTICLE{sanders2020inpainting,
    author={T. {Sanders} and C. {Dwyer}},
    journal=IEEEIP, 
    title={Inpainting Versus Denoising for Dose Reduction in Scanning-Beam Microscopies}, 
    year={2020},
    volume={29},
    number={},    
    pages={351-359},
}

% Publi #59
@article{anscombe1948transformation,
    title={The transformation of {P}oisson, binomial and negative-binomial data},
    author={Anscombe, Francis J},
    journal={Biometrika},
    volume={35},
    number={3/4},
    pages={246--254},
    year={1948},
    publisher={JSTOR}
}

% Publi #60
@article{sibson1981interpreting,
    title={Interpreting multivariate data},
    author={Sibson, Robin and Barnett, Vic},
    journal={A brief description of natural neighbor interpolation},
    pages={21--36},
    year={1981},
    publisher={John Wiley \& Sons}
}

% Publi #61
@incollection{cazals2006delaunay,
    title={Delaunay triangulation based surface reconstruction},
    author={Cazals, Fr{\'e}d{\'e}ric and Giesen, Joachim},
    booktitle={Effective computational geometry for curves and surfaces},
    pages={231--276},
    year={2006},
    publisher=spring
}

% Publi #62
@incollection{hormann2014barycentric,
    title={Barycentric interpolation},
    author={Hormann, Kai},
    booktitle=ICAP,
    pages={197--218},
    year={2014},
    publisher=spring
}

% Publi #63
@article{lee1980two,
    title={Two algorithms for constructing a {D}elaunay triangulation},
    author={Lee, Der-Tsai and Schachter, Bruce J},
    journal=IJCIS,
    volume={9},
    number={3},
    pages={219--242},
    year={1980},
    publisher=spring
}

% Publi #64
@article{dwyer1987faster,
    title={A faster divide-and-conquer algorithm for constructing {D}elaunay triangulations},
    author={Dwyer, Rex A},
    journal={Algorithmica},
    volume={2},
    number={1-4},
    pages={137--151},
    year={1987},
    publisher=spring
}

% Publi #65
@book{boyd2004convex,
    title={Convex optimization},
    author={Boyd, Stephen and Boyd, Stephen P and Vandenberghe, Lieven},
    year={2004},
    publisher=cambu
}

% Publi #66
@article{zhong2016surface,
    title={Surface inpainting with sparsity constraints},
    author={Zhong, Ming and Qin, Hong},
    journal=CAGD,
    volume={41},
    pages={23--35},
    year={2016},
    publisher=elsevier
}

% Publi #67
@article{tibshirani1996regression,
    title={Regression shrinkage and selection via the lasso},
    author={Tibshirani, Robert},
    journal=JROYSB,
    volume={58},
    number={1},
    pages={267--288},
    year={1996},
    publisher=wiley
}

% Publi #68
@article{belloni2013least,
    comment={Post-LS 1},
    title={Least squares after model selection in high-dimensional sparse models},
    author={Belloni, Alexandre and Chernozhukov, Victor and others},
    journal={Bernoulli},
    volume={19},
    number={2},
    pages={521--547},
    year={2013},
    publisher={Bernoulli Society for Mathematical Statistics and Probability}
}

% Publi #69
@article{lederer2013trust,
    comment={Post-LS 2},
    title={Trust, but verify: benefits and pitfalls of least-squares refitting in high dimensions},
    author={Lederer, Johannes},
    journal={arXiv preprint arXiv:1306.0113},
    year={2013}
}

% Publi #70
@article{deledalle2017clear,
    comment={Post-LS 3},
    title={{CLEAR}: {Covariant} least-square refitting with applications to image restoration},
    author={Deledalle, Charles-Alban and Papadakis, Nicolas and Salmon, Joseph and Vaiter, Samuel},
    journal=SIAMIS,
    volume={10},
    number={1},
    pages={243--284},
    year={2017},
    publisher=siam
}

% Publi #71
@book{weickert1998anisotropic,
    title={Anisotropic diffusion in image processing},
    author={Weickert, Joachim},
    volume={1},
    year={1998},
    publisher={Teubner Stuttgart}
}

% Publi #72
@article{perona1990scale,
    title={Scale-space and edge detection using anisotropic diffusion},
    author={Perona, Pietro and Malik, Jitendra},
    journal=IEEEPAMI,
    volume={12},
    number={7},
    pages={629--639},
    year={1990},
    publisher=ieee
}

% Publi #73
@article{shen2002mathematical,
    title={Mathematical models for local nontexture inpaintings},
    author={Shen, Jianhong and Chan, Tony F},
    journal=SIAMAM,
    volume={62},
    number={3},
    pages={1019--1043},
    year={2002},
    publisher=siam
}

% Publi #74
@article{chan2001nontexture,
    title={Nontexture inpainting by curvature-driven diffusions},
    author={Chan, Tony F and Shen, Jianhong},
    journal=JVCIR,
    volume={12},
    number={4},
    pages={436--449},
    year={2001},
    publisher=elsevier
}

% Publi #75
@inproceedings{mairal2009online,
    title={Online dictionary learning for sparse coding},
    author={Mairal, Julien and Bach, Francis and Ponce, Jean and Sapiro, Guillermo},
    booktitle=ICML,
    pages={689--696},
    year={2009}
}

% Publi #76
@inproceedings{buades2005non,
    title={A non-local algorithm for image denoising},
    author={Buades, Antoni and Coll, Bartomeu and Morel, J-M},
    booktitle=CVPR,
    volume={2},
    pages={60--65},
    year={2005},
    organization=ieee
}

% Publi #77
@article{dabov2007image,
    title={Image denoising by sparse {3-D} transform-domain collaborative filtering},
    author={Dabov, Kostadin and Foi, Alessandro and Katkovnik, Vladimir and Egiazarian, Karen},
    journal=IEEEIP,
    volume={16},
    number={8},
    pages={2080--2095},
    year={2007},
    publisher=ieee
}

% Publi #78
@article{lebrun2013nonlocal,
    title={A nonlocal {B}ayesian image denoising algorithm},
    author={Lebrun, Marc and Buades, Antoni and Morel, Jean-Michel},
    journal=SIAMIS,
    volume={6},
    number={3},
    pages={1665--1688},
    year={2013},
    publisher=siam
}

% Publi #79
@inproceedings{peyre2008non,
    comment={Non-Local regularization 1},
    title={Non-local regularization of inverse problems},
    author={Peyr{\'e}, Gabriel and Bougleux, S{\'e}bastien and Cohen, Laurent},
    booktitle=ECCV,
    pages={57--68},
    year={2008},
    organization=spring
}

% Publi #80
@inproceedings{unni2018non,
    comment={Non-Local regularization 2},
    title={Non-Local Patch-Based Regularization for Image Restoration},
    author={Unni, VS and Chaudhury, Kunal N},
    booktitle=ICIP,
    pages={1108--1112},
    year={2018},
    organization=ieee
}

% Publi #81
@inproceedings{arias2009variational,
    comment={Non-Local regularization 3},
    title={A variational framework for non-local image inpainting},
    author={Arias, Pablo and Caselles, Vicent and Sapiro, Guillermo},
    booktitle=WEMMCVP,
    pages={345--358},
    year={2009},
    organization=spring
}

% Publi #82
@article{yang2012nonlocal,
    comment={Non-Local regularization 4},
    title={Nonlocal regularization of inverse problems: a unified variational framework},
    author={Yang, Zhili and Jacob, Mathews},
    journal=IEEEIP,
    volume={22},
    number={8},
    pages={3192--3203},
    year={2012},
    publisher=ieee
}

% Publi #83
@article{mallat1993matching,
    title={Matching pursuits with time-frequency dictionaries},
    author={Mallat, St{\'e}phane G and Zhang, Zhifeng},
    journal=IEEESP,
    volume={41},
    number={12},
    pages={3397--3415},
    year={1993},
    publisher=ieee
}

% Publi #84
@inproceedings{pati1993orthogonal,
    title={Orthogonal matching pursuit: Recursive function approximation with applications to wavelet decomposition},
    author={Pati, Yagyensh Chandra and Rezaiifar, Ramin and Krishnaprasad, Perinkulam Sambamurthy},
    booktitle=ASILOMAR,
    pages={40--44},
    year={1993},
    organization=ieee
}

% Publi #85
@article{elad2006image,
    title={Image denoising via sparse and redundant representations over learned dictionaries},
    author={Elad, Michael and Aharon, Michal},
    journal=IEEEIP,
    volume={15},
    number={12},
    pages={3736--3745},
    year={2006},
    publisher=ieee
}

% Publi #86
@ARTICLE{mairal2008tip,
    author={J. {Mairal} and M. {Elad} and G. {Sapiro}},
    journal=IEEEIP,
    title={Sparse Representation for Color Image Restoration},
    year={2008},
    volume={17},
    number={1},
    pages={53-69},
    month=jan,
}

% Publi #87
@Article{naumova2018fast,
    author="Naumova, Valeriya and Schnass, Karin",
    title="Fast dictionary learning from incomplete data",
    journal=EJASP,
    year="2018",
    month=feb,
    day="22",
    volume="2018",
    number="1",
    pages="12",
}

% Publi #88
@INPROCEEDINGS{naumova2017dictionary,
    author={V. {Naumova} and K. {Schnass}},
    booktitle=EUSIPCO,
    title={Dictionary learning from incomplete data for efficient image restoration},
    year={2017},
    volume={},
    number={},
    pages={1425-1429},
    month=aug,
}

% Publi #89
@article{xing2012siam,
    author = {Xing, Z. and Zhou, M. and Castrodad, A. and Sapiro, G. and Carin, L.},
    title = {Dictionary Learning for Noisy and Incomplete Hyperspectral Images},
    journal = SIAMIS,
    volume = {5},
    number = {1},
    pages = {33-56},
    year = {2012},
}

% Publi #90
@ARTICLE{godaliyadda2018tci,
    author={G. M. D. P. {Godaliyadda} and D. H. {Ye} and M. D. {Uchic} and M. A. {Groeber} and G. T. {Buzzard} and C. A. {Bouman}},
    journal=IEEETCI,
    title={A Framework for Dynamic Image Sampling Based on Supervised Learning},
    year={2018},
    volume={4},
    number={1},
    pages={1-16},
    month=march,
}

% Publi #91
@article{zhang2018reduced,
    title = "Reduced electron exposure for energy-dispersive spectroscopy using dynamic sampling",
    journal = ULTRAMICR,
    volume = "184",
    pages = "90 - 97",
    year = "2018",
    author = "Yan Zhang and G. M. Dilshan Godaliyadda and Nicola Ferrier and Emine B. Gulsoy and Charles A. Bouman and Charudatta Phatak",
}

% Publi #92
@article{hujsak2018high,
    title={High speed/low dose analytical electron microscopy with dynamic sampling},
    author={Hujsak, Karl A and Roth, Eric W and Kellogg, William and Li, Yue and Dravid, Vinayak P},
    journal={Micron},
    volume={108},
    pages={31--40},
    year={2018},
    publisher=elsevier
}

% Publi #93
@article{han2018optimal,
    title = "Optimal sampling and reconstruction of undersampled atomic force microscope images using compressive sensing",
    journal = ULTRAMICR,
    volume = "189",
    pages = "85 - 94",
    year = "2018",
    author = "Guoqiang Han and Bo Lin",
}

% Publi #94
@article{berg2008probing,
    Author = {E. van den Berg and M. P. Friedlander},
    Title = {Probing the {Pareto} frontier for basis pursuit solutions},
    year = {2008},
    journal = SIAMSC,
    volume = {31},
    number = {2},
    pages = {890-912},
}

% Publi #95
@article{li2018compressed,
    title={Compressed Sensing of Scanning Transmission Electron Microscopy ({STEM}) on Non-Rectangular Scans},
    author={Li, Xin and Dyck, Ondrej and Kalinin, Sergei V. and Jesse, Stephen},
    journal={arXiv preprint arXiv:1805.04957},
    year={2018}
}

% Publi #97
@article{mucke2016practical,
    title={Practical implementation of compressive sensing for high resolution {STEM}},
    author={Mucke-Herzberg, Dorothea and Abellan, Patricia and Sarahan, Michael C and Godfrey, Iain S and Saghi, Zineb and Leary, Rowan K and Stevens, Andrew and Ma, Jackie and Kutyniok, Gitta and Azough, Feridoon and others},
    journal=MM,
    volume={22},
    number={S3},
    pages={558--559},
    year={2016},
    publisher=cambu
}

% Publi #98
@article{kovarik2016implementation,
    author = {Kovarik,L.  and Stevens,A.  and Liyu,A.  and Browning,N. D. },
    title = {Implementing an accurate and rapid sparse sampling approach for low-dose atomic resolution {STEM} imaging},
    journal = APL,
    volume = {109},
    number = {16},
    pages = {164102},
    year = {2016},
}

% Publi #99
@article{stevens2017tensor,
    title={Tensor-dictionary learning with deep {Kruskal-factor} analysis},
    author={Stevens, Andrew and Pu, Yunchen and Sun, Yannan and Spell, Greg and Carin, Lawrence},
    journal={arXiv preprint arXiv:1612.02842},
    year={2017}
}

% Publi #100
@article{stevens2016mm, 
    title={Compressive {STEM-EELS}}, 
    volume={22},
    number={S3}, 
    journal=MM, 
    publisher=cambu, 
    author={Stevens, Andrew and Kovarik, Libor and Yang, Hao and Pu, Yunchen and Carin, Lawrence and Browning, Nigel D.}, 
    year={2016}, 
    pages={560–561}
}

% Publi #101
@INPROCEEDINGS{zoran2011from,
    author={D. {Zoran} and Y. {Weiss}},
    booktitle=ICCV,
    title={From learning models of natural image patches to whole image restoration},
    year={2011},
    volume={},
    number={},
    pages={479-486},
    month=nov,
}

% Publi #102
@ARTICLE{parameswaran2019accelerating,
    author={S. {Parameswaran} and C. {Deledalle} and L. {Denis} and T. Q. {Nguyen}},
    journal=IEEEIP,
    title={Accelerating {GMM-Based} Patch Priors for Image Restoration: Three Ingredients for a $100{\times}$ Speed-Up},
    year={2019},
    volume={28},
    number={2},
    pages={687-698},
    month=feb,
}

% Publi #103
@article{sang2017dynamic,
    title={Dynamic scan control in {STEM}: Spiral scans},
    author={Sang, Xiahan and Lupini, Andrew R and Unocic, Raymond R and Chi, Miaofang and Borisevich, Albina Y and Kalinin, Sergei V and Endeve, Eirik and Archibald, Richard K and Jesse, Stephen},
    journal=ASCI,
    volume={2},
    number={1},
    pages={6},
    year={2017},
    publisher=spring
}

% Publi #104
@article{li2018compressive,
    title={Compressive sensing on diverse {STEM} scans: real-time feedback, low-dose and dynamic range},
    author={Li, Xin and Dyck, Ondrej and Kalinin, Sergei V and Jesse, Stephen},
    journal={arXiv preprint arXiv:1805.04957},
    year={2018},
}

% Publi #105
@article{dahmen2016feature,
    title={Feature adaptive sampling for scanning electron microscopy},
    author={Dahmen, Tim and Engstler, Michael and Pauly, Christoph and Trampert, Patrick and De Jonge, Niels and M{\"u}cklich, Frank and Slusallek, Philipp},
    journal={Scientific Rep.},
    volume={6},
    pages={25350},
    year={2016},
    publisher={Nature Publishing Group}
}

% Publi #106
@article{dahmen2019adaptive,
    title={An Adaptive Sparse Sampling Scheme for Scanning Electron Microscopy using {D}elauney Triangulation}, 
    volume={25},
    number={S2},
    journal=M&M, 
    publisher=cambu, 
    author={Dahmen, Tim and Trampert, Patrick}, 
    year={2019}, 
    pages={154–155}
}

% Publi #107
@article{hawe2013analysis,
    title={Analysis operator learning and its application to image reconstruction},
    author={Hawe, Simon and Kleinsteuber, Martin and Diepold, Klaus},
    journal=IEEEIP,
    volume={22},
    number={6},
    pages={2138--2150},
    year={2013},
}

% Publi #108
@article{trampert2018exemplar, 
    title={Exemplar-Based Inpainting Based on Dictionary Learning for Sparse Scanning Electron Microscopy}, 
    volume={24},
    number={S1}, 
    journal=MM, 
    publisher=cambu, 
    author={Trampert, Patrick and Schlabach, Sabine and Dahmen, Tim and Slusallek, Philipp}, 
    year={2018}, 
    pages={700--701}
}

% Publi #109
@article{zhang_hyperspectral_2014,
    title = {Hyperspectral Image Restoration Using Low-Rank Matrix Recovery},
    volume = {52},
    number = {8},
    journal = IEEEGRS,
    author = {Zhang, H. and He, W. and Zhang, L. and Shen, H. and Yuan, Q.},
    month = aug,
    year = {2014},
    pages = {4729--4743}
}

% Publi #110
@inproceedings{chayes_pre_processing_2017,
    title = {Pre-Processing and Classification of Hyperspectral Imagery via Selective Inpainting},
    booktitle = ICASSP,
    author = {Chayes, V. and Miller, K. and Bhalerao, R. and Luo, J. and Zhu, W. and Bertozzi, A. L. and Liao, W. and Osher, S.},
    month = mar,
    year = {2017},
    pages = {6195--6199}
}

% Publi #111
@inproceedings{golbabaee_hyperspectral_2012,
    title = {Hyperspectral Image Compressed Sensing via Low-Rank and Joint-Sparse Matrix Recovery},
    booktitle = ICASSP,
    author = {Golbabaee, M. and Vandergheynst, P.},
    month = mar,
    year = {2012},
    pages = {2741--2744}
}

% Publi #112
@inproceedings{chen_inpainting_2012,
    author = {Alex Chen},
    title = {{The inpainting of hyperspectral images: a survey and adaptation to hyperspectral data}},
    volume = {8537},
    booktitle = AIPR,
    editor = {Lorenzo Bruzzone},
    publisher = spie,
    pages = {434 -- 441},
    year = {2012},
}

% Publi #113
@article{recht2010guaranteed,
    title={Guaranteed minimum-rank solutions of linear matrix equations via nuclear norm minimization},
    author={Recht, Benjamin and Fazel, Maryam and Parrilo, Pablo A},
    journal=SIAMR,
    volume={52},
    number={3},
    pages={471--501},
    year={2010},
    publisher=siam
}

% Publi #114
@article{wei2015bayesian,
    author       = {Q. Wei and N. Dobigeon and J.-Y. Tourneret},
    title        = {Bayesian fusion of multi-band images},
    journal      = IEEEJSTSP,
    year         = 2015,
    month        = sep,
    volume       = {9},
    number       = {6},
    pages        = {1117--1127},
}

% Publi #115
@article{wei2015fast,
    author       = {Q. Wei and N. Dobigeon and J.-Y. Tourneret},
    title        = {Fast fusion of multi-band images based on solving a {S}ylvester equation},
    journal      = IEEEIP,
    year         = {2015},
    month        = nov,
    volume       = {24},
    number       = {11},
    pages        = {4109--4121},
}

% Publi #116
@article{mestre2008improved,
    title={Improved estimation of eigenvalues and eigenvectors of covariance matrices using their sample estimates},
    author={Mestre, Xavier},
    journal=IEEEIT,
    volume={54},
    number={11},
    pages={5113--5129},
    year={2008},
}

% Publi #117
@conference{LinPerl1985,
    title={A {Monte Carlo} comparision of four estimators for a covariance matrix},
    author={Lin, S.P. and Perlman, M.D.},
    booktitle={Multivariate Anal.},
    volume={6},
    pages={411--429},
    year={1985},
}

% Publi #118
@article{beck_fast_2009,
    title = {A Fast Iterative Shrinkage-Thresholding Algorithm for Linear Inverse Problems},
    volume = {2},
    number = {1},
    journal = SIAMIS,
    author = {Beck, A. and Teboulle, M.},
    month = jan,
    year = {2009},
    pages = {183--202}
}

% Publi #119
@article{cai1956singular,
    title={A singular value thresholding algorithm for matrix completion},
    author={Cai, Jian-Feng and Cand{\`e}s, Emmanuel J and Shen, Zuowei},
    journal=SIAMOP,
    volume={20},
    number={4},
    pages={1956--1982},
    year={2010},
}

% Publi #120
@article{verrier2016topography,
    title={Topography, composition and structure of incipient {Randall} plaque at the nanoscale level},
    author={Verrier, C{\'e}cile and Bazin, Dominique and Huguet, L{\'e}a and St{\'e}phan, Odile and Gloter, Alexandre and Verpont, Marie-Christine and Frochot, Vincent and Haymann, Jean-Philippe and Brocheriou, Isabelle and Traxer, Olivier and others},
    journal=JUR,
    volume={196},
    number={5},
    pages={1566--1574},
    year={2016},
    publisher=elsevier
}

% Publi #121
@article{keshava2004distance,
    title={Distance metrics and band selection in hyperspectral processing with applications to material identification and spectral libraries},
    author={Keshava, Nirmal},
    journal=IEEEGRS,
    volume={42},
    number={7},
    pages={1552--1565},
    year={2004},
}

% Publi #122
@article{sohn2002supervised,
    title={Supervised and unsupervised spectral angle classifiers},
    author={Sohn, Youngsinn and Rebello, N Sanjay},
    journal=PERS,
    volume={68},
    number={12},
    pages={1271--1282},
    year={2002},
}

% Publi #123
@article{wang2009mean,
    author={Z. {Wang} and A. C. {Bovik}},
    journal=IEEESP,
    title={Mean squared error: Love it or leave it? A new look at Signal Fidelity Measures},
    year={2009},
    volume={26},
    number={1},
    pages={98--117},
    month=jan,
}

% Publi #124
@ARTICLE{wang2004image,
    author={ {Zhou Wang} and A. C. {Bovik} and H. R. {Sheikh} and E. P. {Simoncelli}},
    journal=IEEESP,
    title={Image quality assessment: from error visibility to structural similarity},
    year={2004},
    volume={13},
    number={4},
    pages={600--612},
    month=apr,
}

% Publi #125
@article{kowalski2009sparse,
    title = "Sparse regression using mixed norms",
    journal = ACHA,
    volume = "27",
    number = "3",
    pages = "303 - 324",
    year = "2009",
    author = "Matthieu Kowalski",
}

% Publi #126
@ARTICLE{zhang2011joint,
    author = {Q.~Zhang and R.~Plemmons and D.~Kittle and D.~Brady and S.~Prasad},
    title = {Joint segmentation and reconstruction of hyperspectral data with
    compressed measurements},
    journal = AO,
    year = {2011},
    volume = {50},
    pages = {4417--4435},
    number = {22}
}

% Publi #127
@article{martin2014hyca,
    title={{HYCA}: A new technique for hyperspectral compressive sensing},
    author={Mart{\'\i}n, Gabriel and Bioucas-Dias, Jos{\'e} M and Plaza, Antonio},
    journal=IEEEGRS,
    volume={53},
    number={5},
    pages={2819--2831},
    year={2014},
}

% Publi #128
@ARTICLE{shuang2018fast,
    author = {Zhuang, Lina and Bioucas-Dias, Jos{\'e} M},
    title = {Fast hyperspectral image denoising and inpainting based on low-rank
    and sparse representations},
    journal = IEEEJSTARS,
    year = {2018},
    volume = {11},
    pages = {730--742},
    number = {3}
}

% Publi #129
@Conference{wycoff2013nonnegative,
    author    = {Eliot Wycoff and Tsung-Han Chan and Kui Jia and Wing-Kin Ma and and Yi Ma},
    title     = {Non-negative sparse promoting algorithm for high resolution hyperspectral imaging},
    booktitle = icassp,
    year      = {2013},
    address   = {Vancouver, Canada},
}

% Publi #130
@ARTICLE{simoes2014convex,
    author = {Sim\~{o}es, M. and {Bioucas Dias}, J. and Almeida, L. and Chanussot,
    J.},
    title = {A convex formulation for hyperspectral image superresolution via
    subspace-based regularization},
    journal = IEEEGRS,
    year = {2015},
    volume = {6},
    pages = {3373--3388},
    number = {53},
    month = june
}

% Publi #131
@article{jenatton2011proximal,
    title={Proximal methods for hierarchical sparse coding},
    author={Jenatton, Rodolphe and Mairal, Julien and Obozinski, Guillaume and Bach, Francis},
    journal=JMLR,
    volume={12},
    number=jul,
    pages={2297--2334},
    year={2011}
}

% Publi #132
@inbook{li2016charge,
    author = {Li, Xiaoyan and Gloter, Alexandre and Preziosi, Daniele},
    publisher = {American Cancer Society},
    title = {{Charge, strain and polarization profiling in Ferroelectric/Ferromagnetic epitaxial heterostructures}},
    booktitle = EMC,
    pages = {885-886},
    chapter = {},
    year = {2016},
}

% Publi #133
@article{preziosi2018direct,
    title={Direct Mapping of Phase Separation across the Metal--Insulator Transition of {NdNiO3}},
    author={Preziosi, Daniele and Lopez-Mir, Laura and Li, Xiaoyan and Cornelissen, Tom and Lee, Jin Hong and Trier, Felix and Bouzehouane, Karim and Valencia, Sergio and Gloter, Alexandre and Barth\'el\'emy, Agn\`es and others},
    journal=NANO,
    volume={18},
    number={4},
    pages={2226--2232},
    year={2018},
}

% Publi #134
@article{ledoit2004well,
    title={A well-conditioned estimator for large-dimensional covariance matrices},
    author={Ledoit, Olivier and Wolf, Michael},
    journal={J. Multivariate Analysis},
    volume={88},
    number={2},
    pages={365--411},
    year={2004},
    publisher=elsevier
}

% Publi #135
@phdthesis{riot2018residual,
    TITLE = {{Residual whiteness for image denoising}},
    AUTHOR = {Riot, Paul},
    URL = {https://pastel.archives-ouvertes.fr/tel-01828883},
    NUMBER = {2018ENST0006},
    SCHOOL = {T{\'e}l{\'e}com ParisTech},
    YEAR = {2018},
    MONTH = feb,
    TYPE = {Ph.D. thesis},
    PDF = {https://pastel.archives-ouvertes.fr/tel-01828883/file/TheseRiot.pdf},
    HAL_ID = {tel-01828883},
    HAL_VERSION = {v1},
}


% Publi #136
@inproceedings{frecon2017bayesian,
    title={Bayesian-driven criterion to automatically select the regularization parameter in the {$\ell_1$-Potts} model},
    author={Frecon, Jordan and Pustelnik, Nelly and Dobigeon, Nicolas and Wendt, Herwig and Abry, Patrice},
    booktitle=ICASSP,
    pages={3839--3843},
    year={2017},
    organization=ieee
}


% Publi #137
@inproceedings{ono2013poisson,
    title={Poisson image restoration with likelihood constraint via hybrid steepest descent method},
    author={Ono, Shunsuke and Yamada, Isao},
    booktitle=ICASSP,
    pages={5929--5933},
    year={2013},
    organization=ieee
}


% Publi #138
@article{bioucaspaper,
  author={L. Zhuang and J. Bioucas-Dias}, 
  title={Fast hyperspectral image denoising and inpainting based on low-rank and sparse Representations}, 
  journal=IEEEJSTARS,
  volume={11},
  number={3},
  pages = {730--742},
  year=2018,
}


% Publi #139
@Article{guilloteau2020simulated,
    author       = {C. Guilloteau and Th. Oberlin and O. Bern\'{e} and \'{E}. Habart and N. Dobigeon},
    title        = {Simulated {JWST} datasets for multispectral and hyperspectral image fusion},
    journal      = ASTRO,
    year         = {2020},
    note         = {to appear},  
    url          = {https://arxiv.org/abs/2001.02618/}
}


% Publi #140
@Inproceedings{guilloteau2020fusion,
    author       = {C. Guilloteau and Th. Oberlin and O. Bern\'e and N. Dobigeon},
    title        = {Fusion of hyperspectral and multispectral infrared astronomical images},
    booktitle    = SAM,
    address      = {Hangzhou, China},
    month        = {June},
    year         = {2020},
    pages        = {},
    note         = {}
}


% Publi #141
@article{colliex2012capturing,
    title = "Capturing the signature of single atoms with the tiny probe of a {STEM}",
    journal = ULTRAMICR,
    volume = "123",
    pages = "80--89",
    year = "2012",
    author = "C. Colliex and A. Gloter and K. March and C. Mory and O. Stéphan and K. Suenaga and M. Tencé",
}


% Publi #142
@inproceedings{nesterov1983method,
    title={A method for solving the convex programming problem with convergence rate $\mathcal{O}(1/k^2)$},
    author={Nesterov, Yurii E},
    booktitle={Dokl. akad. nauk Sssr},
    volume={269},
    pages={543--547},
    year={1983}
}

% Publi #143
@article{gay2020nanoscale,
    title={Nanoscale Analysis of {Randall}’s Plaques by Electron Energy Loss Spectromicroscopy: Insight in Early Biomineral Formation in Human Kidney},
    author={Gay, Cl{\'e}ment and Letavernier, Emmanuel and Verpont, Marie-Christine and Walls, Michael and Bazin, Dominique and Daudon, Michel and Nassif, Nadine and Stephan, Odile and de Frutos, Marta},
    journal={{ACS} nano},
    publisher={{ACS} Publications},
    year={2020},
}


% Publi #144
@inproceedings{march2014adressing,
    title={Addressing challenges in Electron Energy Loss Spectroscopy on individual atoms},
    author={March, K. and Brun, N. and Gloter, A. and Tencé, M. and Mory, C. and Stéphan, O. and Colliex, C.},
    booktitle=IMC,
    pages={},
    year={2014}
}


% Publi #145
@article{deledalle2019block,
    title={Block based refitting in $\ell_{12}$ sparse regularisation},
    author={Deledalle, Charles-Alban and Papadakis, Nicolas and Salmon, Joseph and Vaiter, Samuel},
    journal={arXiv preprint arXiv:1910.11186},
    year={2019}
}

% Publi #146
@article{delapena2011mapping,
    title = "Mapping titanium and tin oxide phases using {EELS}: An application of independent component analysis",
    journal = ULTRAMICR,
    volume = "111",
    number = "2",
    pages = "169 - 176",
    year = "2011",
    author = "F. {de la Peña} and M.-H. Berger and J.-F. Hochepied and F. Dynys and O. Stephan and M. Walls",
    publisher=elsevier
}


% Publi #147
@article{bonnet2005independent,
  title={Independent component analysis: a new possibility for analysing series of electron energy loss spectra},
  author={Bonnet, No{\"e}l and Nuzillard, Danielle},
  journal=ULTRAMICR,
  volume={102},
  number={4},
  pages={327--337},
  year={2005},
  publisher=elsevier
}

# Publi #148
@article{mevenkamp2020multimodal,
    title = "Multi-modal and multi-scale non-local means method to analyze spectroscopic datasets",
    journal = ULTRAMICR,
    volume = "209",
    pages = "112877",
    year = "2020",
    author = "Niklas Mevenkamp and Katherine E. MacArthur and Vasiliki Tileli and Philipp Ebert and Leslie J. Allen and Benjamin Berkels and Martial Duchamp",
}

# Publi #149
@inproceedings{szegedy2013deep,
    title={Deep neural networks for object detection},
    author={Szegedy, Christian and Toshev, Alexander and Erhan, Dumitru},
    booktitle=NIPS,
    pages={2553--2561},
    year={2013}
}

# Publi #150
@article{zhao2019object,
    title={Object detection with deep learning: A review},
    author={Zhao, Zhong-Qiu and Zheng, Peng and Xu, Shou-tao and Wu, Xindong},
    journal=IEEENNLS,
    volume={30},
    number={11},
    pages={3212--3232},
    year={2019},
    publisher=ieee
}


# Publi #151
@article{lecun1989backpropagation,
    title={Backpropagation applied to handwritten zip code recognition},
    author={LeCun, Yann and Boser, Bernhard and Denker, John S and Henderson, Donnie and Howard, Richard E and Hubbard, Wayne and Jackel, Lawrence D},
    journal=NEURALCOMP,
    volume={1},
    number={4},
    pages={541--551},
    year={1989},
    publisher={MIT Press}
}


# Publi #152
@inproceedings{xie2012image,
    title={Image denoising and inpainting with deep neural networks},
    author={Xie, Junyuan and Xu, Linli and Chen, Enhong},
    booktitle=NIPS,
    pages={341--349},
    year={2012}
}


# Publi #153
@article{iizuka2017globally,
    title={Globally and locally consistent image completion},
    author={Iizuka, Satoshi and Simo-Serra, Edgar and Ishikawa, Hiroshi},
    journal=ACMGR,
    volume={36},
    number={4},
    pages={1--14},
    year={2017},
    publisher={ACM New York, NY, USA}
}


# Publi #154
@article{vincent2010stacked,
    title={Stacked denoising autoencoders: Learning useful representations in a deep network with a local denoising criterion.},
    author={Vincent, Pascal and Larochelle, Hugo and Lajoie, Isabelle and Bengio, Yoshua and Manzagol, Pierre-Antoine and Bottou, L{\'e}on},
    journal=JMLR,
    volume={11},
    number={12},
    year={2010}
}


# Publi #155
@article{ulyanov2020deep,
    title={Deep Image Prior},
    volume={128},
    ISSN={1573-1405},
    number={7},
    journal=IJCV,
    publisher=springer,
    author={Ulyanov, Dmitry and Vedaldi, Andrea and Lempitsky, Victor},
    year={2020},
    month={Mar},
    pages={1867–1888}
}

# Publi #156
@article{sanders2018inpainting, 
    title={Inpainting Versus Denoising for Dose Reduction in {STEM}}, 
    volume={24}, 
    number={S1}, 
    journal=M&M, 
    publisher=cambu, 
    author={Sanders, Toby and Dwyer, Christian}, 
    year={2018}, 
    pages={482–483}
}

# Publi #157
@Article{lagrange2020neurocomputing,
    author       = {A. Lagrange and M. Fauvel and S. May and J. Bioucas-Dias and N. Dobigeon},
    title        = {Matrix cofactorization for joint representation learning and supervised classification -- {A}pplication to hyperspectral image analysis},
    journal      = {Neurocomputing},
    month        = apr,
    year         = {2020},
    volume       = {385},
    pages        = {132--147},
    webpage      = {http://dobigeon.perso.enseeiht.fr/applications/app_cofact.html},
}

# Publi #158
@Article{lagrange2020tgrs,
    author       = {A. Lagrange and M. Fauvel and S. May and N. Dobigeon},
    title        = {Matrix cofactorization for joint spatial-spectral unmixing of hyperspectral images},
    journal      = IEEEGRS,
    month        = jul,
    year         = {2020},
    volume       = {58},
    number       = {7},
    pages        = {4915--4927},
    webpage      = {http://dobigeon.perso.enseeiht.fr/applications/app_hyper_SP2U.html},  
}

# Publi #159
@Article{wendt2016detection,
    author       = {H. Wendt and N. Dobigeon and J.-Y. Tourneret and M. Albinet and C. Goldstein and N. Karouche},
    title        = {Detection and Correction of Glitches in a Multiplexed Multi-channel Data Stream -- {A}pplication to the {MADRAS} Instrument},
    journal      = IEEEGRS,
    year         = {2016},
    month        = may,
    volume       = {54},
    number       = {5},
    pages        = {2803--2811},
    webpage      = {http://dobigeon.perso.enseeiht.fr/applications/app_glitches.html},
}

# Publi #160
@Article{cavalcanti2018unmixing,
    author       = {Y. Cruz Cavalcanti and Th. Oberlin and N. Dobigeon and S. Stute and M. Ribeiro and C. Tauber},
    title        = {Unmixing dynamic {PET} images with variable specific binding kinetics},
    journal      = {Medical Image Analysis},
    year         = {2018},
    month        = oct,
    volume       = {49},
    pages        = {117--127},
}


# Publi #161
@Article{cavalcanti2019factor,
    author       = {Y. Cruz Cavalcanti and Th. Oberlin and N. Dobigeon and C. F\'evotte and S. Stute and M. Ribeiro and C. Tauber},
    title        = {Factor analysis of dynamic {PET} images: beyond {G}aussian noise},
    journal      = IEEEMEDI,
    year         = {2019},
    month        = sep,  
    volume       = {38},
    number       = {9},
    pages        = {2231--2241},
}

# Publi #162
@Article{dobigeon2014nonlinear,
    author       = {N. Dobigeon and J.-Y. Tourneret and C. Richard and J. C. M. Bermudez and S. McLaughlin and A. O. Hero},
    title        = {Nonlinear unmixing of hyperspectral images: {M}odels and algorithms},
    journal      = IEEESPMAG,
    year         = {2014},
    month        = jan,
    volume       = {31},
    number       = {1},
    pages        = {82--94},
    webpage      = {http://dobigeon.perso.enseeiht.fr/applications/app_hyper.html},
}

# Publi #163
@article{gehm2007single,
    title={Single-shot compressive spectral imaging with a dual-disperser architecture},
    author={Gehm, Michael E and John, Renu and Brady, David J and Willett, Rebecca M and Schulz, Timothy J},
    journal=OExp,
    volume={15},
    number={21},
    pages={14013--14027},
    year={2007},
    publisher={Opt. Soc. of America}
}

# Publi #164
@article{mcgregor2015adaptive,
    title={Adaptive hyperspectral imager: design, modeling, and control},
    author={McGregor, Scot and Lacroix, Simon and Monmayrant, Antoine},
    journal={J. of Opt.},
    volume={17},
    number={8},
    pages={085607},
    year={2015},
    publisher={IOP Publishing}
}

# Publi #165
@inproceedings{ardi2018fast,
  title={Fast hyperspectral cube reconstruction for a double disperser imager},
  author={Ardi, Ibrahim and Carfantan, Herv{\'e} and Lacroix, Simon and Monmayrant, Antoine},
  booktitle=EUSIPCO,
  pages={2225--2229},
  year={2018},
  organization=ieee
}


# Publi #166
@inproceedings{balzano2010online,
  title={Online identification and tracking of subspaces from highly incomplete information},
  author={Balzano, Laura and Nowak, Robert and Recht, Benjamin},
  booktitle=ALERTON,
  pages={704--711},
  year={2010},
  organization=ieee
}

# Publi #167
@article{chi2013petrels,
    title={Petrels: Parallel subspace estimation and tracking by recursive least squares from partial observations},
    author={Chi, Yuejie and Eldar, Yonina C and Calderbank, Robert},
    journal=IEEESP,
    volume={61},
    number={23},
    pages={5947--5959},
    year={2013},
    publisher=ieee
}

# Publi #168
@Article{thouvenin2016online,
    author       = {P.-A. Thouvenin and N. Dobigeon and J.-Y. Tourneret},
    title        = {Online unmixing of multitemporal hyperspectral images accounting for spectral variability},
    journal      = IEEEIP,
    year         = {2016},
    month        = sep,
    volume       = {25},
    number       = {9},
    pages        = {3979--3990},
    webpage      = {http://dobigeon.perso.enseeiht.fr/applications/app_hyper_PLMM_online.html},
}
