% Math Journals
@string{AJM      = {Amer. J. of Math.}}
@string{AISM     = {Ann. Inst. Statist. Math.}}
@string{ANNMATH  = {Ann. Mathematics}}
@string{ANNSTAT  = {Ann. Stat.}}
@STRING{ANNAPPSTAT = {Ann. Appl. Stat.}}
@string{ANNIP    = {Ann. Inst. Henri Poincar\'{e}}}
@string{ACHA     = {Appl. Comput. Harmonic Anal.}}
@string{AML      = {Appl. Math. Lett.}}
@string{BAMS     = {Bull. Amer. Math. Soc.}}
@STRING{BIOMET   = {Biometrika}}
@string{CACM     = {Comm. ACM}}
@string{CMP      = {Comm. Math. Phys.}}
@string{CPAM     = {Comm. Pure Appl. Math.}}
@string{CSTM     = {Comm. Stat. Theory Meth.}}
@string{CSSM     = {Comm. Stat. Simulation Comput.}}
@string{CRAS     = {Comptes Rendus de l'Acad\'emie des sciences}}
@string{COMPAM   = {Comm. Pure Appl. Math.}}
@string{CAGD     = {Comput. Aided Geom. Des.}}
@string{CSDA     = {Comput. Stat. Data Anal.}}
@string{CONAP    = {Constr. Approx.}}
@string{CR       = {C. R. Acad. Sci. Paris S\'er. I Math.}}
@string{ESAIMPS  = {ESAIM Prob. Stat.}}
@string{JAStA    = {J. Amer. Stat. Assoc.}}
@string{JAStS    = {J. Amer. Stat. Soc.}}
@string{JAMS     = {J. Amer. Math. Soc.}}
@string{JAT      = {J. Approx. Theory}}
@string{JCAM     = {J. Comput. Appl. Math.}}
@string{JCP      = {J. Comput. Phys.}}
@string{JFAA     = {J. Fourier Anal. Appl.}}
@string{JFA      = {J. Funct. Anal.}}
@string{JMAA     = {J. Math. Anal. Appl.}}
@string{JMIV     = {J. Math. Imag. Vision}}
@string{JMP      = {J. Math. Phys.}}
@string{JMPA     = {J. Math. Pure Appl.}}
@string{JCGS     = {J. Comput. Graph. Stat.}}
@string{JROYS    = {J. Roy. Stat. Soc.}}
@string{JROYSA   = {J. Roy. Stat. Soc. Ser. A}}
@string{JROYSB   = {J. Roy. Stat. Soc. Ser. B}}
@string{JROYSC   = {J. Roy. Stat. Soc. Ser. C}}
@string{JROYSD   = {J. Roy. Stat. Soc. Ser. D}}
@string{LNM      = {Lecture Notes in Math.}}
@string{LINALG   = {Linear Algebra and its Applications}}
@string{MC       = {Math. Comp.}}
@string{MM       = {Monatsh. Math.}}
@string{MN       = {Math. Nach.}}
@string{MS       = {Math. Scand.}}
@string{NM       = {Numer. Math.}}
@string{NA       = {Numer. Algor.}}
@string{PAMS     = {Proc. Amer. Math. Soc.}}
@string{RMI      = {Rev. Mat. Iberoamericana}}
@string{TAMS     = {Trans. Amer. Math. Soc.}},
@string{OPT      = {J. Optimization Theory Applications}}
@STRING{StatComput={Stat. Comput.}}
@string{DHST     = {Data Handling in Sci. and Technol.}}
@STRING{MATHPROG ={Math. Programming}}

% SIAM Journals
@string{SIAMAM   = {SIAM J. Appl. Math.}}
@string{SIAMMA   = {SIAM J. Math. Anal.}}
@string{SIAMMAT  = {SIAM J. Matrix Anal. Appl.}}
@string{SIAMNA   = {SIAM J. Numer. Anal.}}
@string{SIAMSC   = {SIAM J. Sci. Comput.}}
@string{SIAMSSC  = {SIAM J. Sci. Statist. Comp.}}
@string{SIAMIS   = {SIAM J. Imag. Sci.}}
@string{SIAMOP   = {SIAM J. on Optimization}}
@string{SIAMR    = {SIAM Rev.}}

% IEEE Journals
@string{IEEEASSP = {IEEE Trans. Acoust., Speech, Signal Process.}}
@string{IEEEASLP = {IEEE Trans. Audio, Speech, Language Process.}}
@string{IEEEAC   = {IEEE Trans. Autom. Contr.}}
@string{IEEEAP   = {IEEE Trans. Antennas Propag.}}
@STRING{IEEEAES  = {IEEE Trans. Aerosp. Electron. Syst.}}
@STRING{IEEEBE   = {IEEE Trans. Biomed. Eng.}}
@string{IEEEBME  = {IEEE Trans. Biomed. Eng.}}
@string{IEEETC   = {IEEE Trans. Comput.}}
@string{IEEEGRS  = {IEEE Trans. Geosci. Remote Sens.}}
@STRING{IEEEMEDI = {IEEE Trans. Med. Imag.}}
@STRING{IEEEIP   = {IEEE Trans. Image Process.}}
@STRING{IEEEIT   = {IEEE Trans. Inf. Theory}}
@string{IEEESP   = {IEEE Trans. Signal Process.}}
@string{IEEETCI  = {IEEE Trans. Comput. Imag.}}
@string{IEEENN   = {IEEE Trans. Neur. Net.}}
@string{IEEECAS  = {IEEE Trans. Circuits Systems}}
@string{IEEECSVT = {IEEE Trans. Circ. Syst., Video Techn.}}
@string{IEEECT   = {IEEE Trans. Circ. Theory}}
@string{IEEECOM  = {IEEE Trans. Comm.}}
@string{IEEECOSY = {IEEE Trans. Comm. Syst.}}
@string{IEEECOTE = {IEEE Trans. Comm. Technol.}}
@string{IEEEPAMI = {IEEE Trans. Patt. Anal. Mach. Intell.}}
@string{IEEESAP  = {IEEE Trans. Speech, Audio Process.}}
@string{IEEESMC  = {IEEE Trans. Systems, Man, Cybernet.}}
@string{IEEESMCB = {IEEE Trans. Systems, Man, Cybernet. - Part B}}
@string{IEEESMCC = {IEEE Trans. Systems, Man, Cybernet. - Part C}}
@string{IEEEVT   = {IEEE Trans. Veh. Technol.}}
@string{IEEEEC   = {IEEE Trans. Electromagn. Compat.}}
@string{IEEEDEI  = {IEEE Trans. Dielectr. Electr. Insul.}}
@string{IEEEIE   = {IEEE Trans. Instr. Meas.}}
@STRING{IEEEUFFC = {IEEE Trans. Ultrason. Ferroelectr. Freq. Control}}
@STRING{IEEEJEC  = {IEEE Trans. Energy Convers.}}
@STRING{IEEE_J_EC= {IEEE Trans. Energy Convers.}}
@string{IEEEGRSL = {IEEE Geosci. Remote Sens. Lett.}}
@string{IEEEGRSN = {IEEE Geosci. Remote Sens. Soc. Newslett.}}
@string{IEEESPL  = {IEEE Signal Process. Lett.}}
@string{IEEESPMAG= {IEEE Signal Process. Mag.}}
@string{IEEEGRSMAG= {IEEE Geosci. Remote Sens. Mag.}}
@string{IEEEJSAC = {IEEE J. Sel. Areas Comm.}}
@STRING{IEEEJSTARS={IEEE J. Sel. Topics Appl. Earth Observations Remote Sens.}}
@STRING{IEEEJSTSP= {IEEE J. Sel. Topics Signal Process.}}
@string{IEEECOMM = {IEEE Comm. Mag.}}
@string{IEEEIEMAG= {IEEE Instr. Meas. Mag.}}
@string{SPECTRUM = {IEEE Spectrum}}
@string{IEEEPROC = {Proc. IEEE}}
@string{IEEECST  = {Computing in Sci. \& Technol.}}

% Electronics, Signal and Automatics Journals
@string{IEEPROC  = {IEE Proc. Vision, image and signal process.}}
@string{JIEE     = {J. IEE}}
@string{EL       = {Electronics Letters}}
@string{AUT      = {Automatica}}
@STRING{JEI      = {J. Electron. Imag.}}
@STRING{JSPS     = {J. Signal Process. Syst.}}

% ACOUSTICS Journals
@string{JASA     = {J. Acoust. Soc. Amer.}}
@string{JAES     = {J. Audio Eng. Soc.}}
@string{JSV      = {J. Sound Vib.}}

% OPTICS Journals
@string{JOS      = {J. Opt. Soc.}}
@string{AO       = {Appl. Opt.}}
@string{OEng     = {Opt. Eng.}}
@string{OE       = {Opt. Eng.}}
@string{OExp     = {Opt. Express}}
@string{JOSAA    = {J. Opt. Soc. Am. A}}

%  IMAGE, VIDEO and MACHINE LEARNING journals
@string{IJCIS    = {Int. J. of Comput. \& Inf. Sci.}}
@string{GBMIP    = {Graph. Model Image Process.}}
@string{NEURALCOMP={Neural Comput.}}
@string{EUSP     = {Signal Process.}}
@STRING{JMLR     = {J. Mach. Learning Research}}
@STRING{ML       = {Mach. Learning}}
@string{PR       = {Patt. Recognition}}
@string{PRL      = {Patt. Recognition Lett.}}
@STRING{EJASP    = {EURASIP J. Adv. Signal Process.}}
@string{JVCIR    = {J. of Visual Comm. and Image Representation}}

% ASTRO, CHIMICAL, PHYSICS journals
@string{APL      = {Appl. Phys. Lett.}}
@string{PhyRev   = {Phys. Rev.}}
@string{PRA      = {Phys. Rev. A}}
@string{PRE      = {Phys. Rev. E}}
@string{PLB      = {Phys. Lett. B}}
@string{PhyRL    = {Phys. Rev. Lett.}}
@string{PRP      = {Phys. Rep.}}
@string{PTP      = {Prog. Theory Phys.}}
@STRING{ULTRAMICR= {Ultramicroscopy}}
@string{CILS     = {Chemometrics and Intelligent Laboratory Systems}}
@string{ASTRO    = {Astrophys. J.}}
@string{ELECTRMI = {J. Electron Microsc.}}
@string{ASCI     = {Adv. Struct. and Chem. Imag.}}
@string{ACIE     = {Angew. Chem. Int. Ed.}}
@string{NANO     = {Nano Lett.}}
@string{EPJAP    = {European Physical J. Appl. Phys.}}

% Medical Journal
@string{JUR     = {J. urology}}

% REMOTE SENSING journals
@STRING{IJRS     = {Int. J. Remote Sens.}}
@STRING{IP       = {Inv. Prob.}}
@STRING{JGR      = {J. Geophys. Res.}}
@STRING{RS       = {Remote Sens.}}
@STRING{RSE      = {Remote Sens. Environment}}
@STRING{RSR      = {Remote Sens. Rev.}}
@string{PERS     = {Photogrammetric Eng. and Rem. Sens.}}

% BIOINFORMATICS
@STRING{BMCBIOINFO={BMC Bioinformatics}}
@STRING{BIOINFO  = {Bioinformatics}}

% MISC journal
@STRING{PNAS     = {Proc. Nat. Acad. Sci. (PNAS)}}
@string{JFI      = {J. Franklin Inst.}}
@string{PJR      = {Philips J. Research}}
@string{BIT      = {BIT}}
@string{BSTJ     = {Bell Syst. Tech. J.}}

% conferences {}
@string{ALERTON  = {Proc. Annual Allerton Conf. Comm., Control and Computing (Allerton)}}
@string{ASILOMAR = {Proc. IEEE Asilomar Conf. Signals, Systems, Computers}}
@STRING{ACSSC    = {Proc. IEEE Asil. Conf. on Sig., Sys., and Comp. (ASSC)}}
@string{ICASSP   = {Proc. IEEE Int. Conf. Acoust., Speech and Signal Process. (ICASSP)}}
@STRING{MLSP     = {Proc. IEEE Workshop Mach. Learning for Signal Process. (MLSP)}}
@string{ICIP     = {Proc. IEEE Int. Conf. Image Process. (ICIP)}}
@string{ICCV     = {Proc. IEEE Int. Conf. Computer Vision (ICCV)}}
@string{ISIT     = {Proc. IEEE Int. Symp. Info. Theory (ISIT)}}
@string{ISBI     = {Proc. IEEE Int. Symp. Biomed. Imag. (ISBI)}}
@STRING{WHISPERS = {Proc. IEEE GRSS Workshop Hyperspectral Image SIgnal Process.: Evolution in Remote Sens. (WHISPERS)}}
@STRING{MULTITEMP= {Proc. IEEE Int. Workshop Analysis Multitemporal Remote Sensing Images (MultiTemp)}}
@string{ISCAS    = {Proc. IEEE Int. Symp. Circuits and Systems (ISCAS)}}
@string{TFTS     = {Proc. IEEE-SP Int. Sympos. Time-Frequency Time-Scale Analysis}}
@string{SSAP     = {Proc. IEEE-SP Workshop Stat. Signal and Array Process. (SSAP)}}
@string{SSP      = {Proc. IEEE-SP Workshop Stat. and Signal Process. (SSP)}}
@string{SPAWC    = {Proc. IEEE Int. Workshop Signal Process. Adv. Wireless Comm.}}
@STRING{IEEEMLSP = {Proc. IEEE Workshop Mach. Learning for Signal Process. (MLSP)}}
@STRING{IGARSS   = {Proc. IEEE Int. Conf. Geosci. Remote Sens. (IGARSS)}}
@STRING{CAMSAP   = {Proc. IEEE Int. Workshop Comput. Adv. Multi-Sensor Adaptive Process. (CAMSAP)}}
@STRING{SAM      = {Proc. IEEE Sensor Array and Multichannel Signal Process. Workshop (SAM)}}
@STRING{IEEESIPS = {Proc. IEEE Workshop Signal Process. Syst. (SIPS)}}
@STRING{IEEEUS   = {Proc. IEEE Ultrason. Symp. (US)}}
@STRING{IEEEIJCNN= {Proc. IEEE Int. Joint Conf. Neural Net. (IJCNN)}}
@STRING{WASPAA   = {Proc. IEEE Workshop Applications Signal Process. Audio Acoustics (WASPAA)}}
@STRING{EMBC     = {Proc. IEEE Eng. Med. Bio. Soc. (EMBC)}}
@string{CISS     = {Proc. Conf. Information Sciences and Systems}}
@string{ICA2     = {Proc. Workshop on Independent Component Analysis and Signal Separation (ICA)}}
@string{EUSIPCO  = {Proc. European Signal Process. Conf. (EUSIPCO)}}
@STRING{Maxent   = {Proc. Int. Workshop on Bayesian Inference and Maximun Entropy Methods in Science and Engineering (MaxEnt)}}
@STRING{GRETSI   = {Actes du Colloque GRETSI}}
@STRING{IJCNNN   = {Proc. Int. Joint Conf. Neural Net. (IJCNN)}}
@STRING{ICML     = {Proc. Int. Conf. Machine Learning (ICML)}}
@STRING{AISTATS  = {Proc. Int. Conf. Artificial Intelligence and Statistics (AISTATS)}}
@STRING{AISTAT   = {Proc. Int. Conf. Artificial Intelligence and Statistics (AISTATS)}}
@STRING{ISMIR    = {Proc. Int. Soc. Music Information Retrieval Conf. (ISMIR)}}
@STRING{SPARS    = {Proc. Workshop Signal Process. with Adaptative Sparse Structured Representations (SPARS)}}
@STRING{LVA      = {Proc. Latent Variable Analysis Conf. (LVA)}}
@STRING{ICA      = {Proc. Int. Conf. Independent Component Analysis and Blind Source Separation (ICA)}}
@STRING{CVPR     = {Proc. Int. Conf. on Computer Vision and Pattern Recognition (CVPR)}}
@STRING{NIPS     = {Adv. in Neural Information Process. Systems}}
@string{SMC      = {Proc. IEEE Int. Conf. Systems, Man and Cybernet. (SMC)}}
@string{SIGGRAPH = {Proc. Annu. Conf. Comput. Graph. Interactive Tech. (SIGGRAPH)}}
@string{M&M      = {Microsc. Microanal.}}
@string{EMC      = {Proc. Eur. Microsc. Congr.}}
@string{IMC      = {Proc. Intern. Microsc. Congr.}}
@string{SMESCI   = {Proc. Ann. Sci. Meeting of the Eur. Soc. for Clin. Invest.}}
@string{MM       = {Proc. Microsc. Microanal.}}
@string{AIPR     = {Proc. Appl. Imagery Pattern Recognition Workshop (AIPR)}}
@string{AIPR     = {Proc. Image and Signal Process. for Remote Sens.}}
@string{CI       = {Proc. Comput. Imag.}}
@string{ICAP     = {Proc. Int. Conf. on Approx. Theory}}
@string{ECCV     = {Proc. Eur. Conf. Computer Vision}}
@string{WEMMCVP  = {Proc. Int. Workshop on Energy Minimization Meth. in Comput. Vision and Patt. Recognition}}

% Institute
@string{TU       = {Vienna University of Technology}}
@string{INTHFT   = {Institute of Communications and Radio-Frequency Engineering, Vienna University of Technology}}

% months
@string{jan      = {Jan.}}
@string{feb      = {Feb.}}
@string{mar      = {March}}
@string{march    = {March}}
@string{apr      = {April}}
@string{april    = {April}}
@string{may      = {May}}
@string{jun      = {June}}
@string{june     = {June}}
@string{jul      = {July}}
@string{aug      = {Aug.}}
@string{sep      = {Sept.}}
@string{oct      = {Oct.}}
@string{nov      = {Nov.}}
@string{dec      = {Dec.}}

% Publisher
@string{academic = {Academic Press}}
@string{addwes   = {Addison Wesley}}
@string{artech   = {Artech House}}
@string{dover    = {Dover Publications}}
@string{elsevier = {Elsevier}}
@string{kluwer   = {Kluwer}}
@string{dekker   = {Marcel Dekker}}
@string{mcgraw   = {McGraw-Hill}}
@string{pergamon = {Pergamon Press}}
@string{prent    = {Prentice Hall}}
@string{spring   = {Springer}}
@string{wiley    = {Wiley}}
@string{cambu    = {Cambridge University Press}}
@string{oxfou    = {Oxford University Press}}
@string{ieee     = {IEEE}}
@string{edp      = {EDP Sciences}}
@string{spie     = {Int. Soc. for Opt. and Photonics}}
@string{siam     = {SIAM}}

