@inproceedings{monier2017icassp,
     title     = {Cram{\'e}r-Rao bounds for the localization of anisotropic sources},
     author    = {Monier, E and Chardon, G},
     booktitle = {Proc. IEEE Int. Conf. Acoust., Speech and Signal Process. (ICASSP)},
     pages     = {3281--3285},
     year      = {2017},
     url       = {https://ieeexplore.ieee.org/document/7952763/},
}

@Inproceedings{monier2017mm,
     author    = {E. Monier and Th. Oberlin and N. Brun and M. Tenc\'e and N. Dobigeon},
     title     = {Reconstruction of randomly and partially sampled {STEM} spectrum-images},
     booktitle = {Microsc. Microanal.},
     address   = {Saint Louis, USA},
     volume    = {23},
     issue     = {S1},
     month     = {Aug.},
     year      = {2017},
     pages     = {170--171},
     url       = {https://www.cambridge.org/core/journals/microscopy-and-microanalysis/article/reconstruction-of-randomly-and-partially-sampled-stem-spectrumimages/075370ACDD54D20D2F99693B1F0CF7EC},
}

 @Inproceedings{monier2018jeels,
  author = {E. Monier and Th. Oberlin and N. Brun and N. Dobigeon},
  title = {A Partial Random Sampling {STEM} Procedure For Sensitive Samples},
  booktitle = {Proc. JEELS conference},
  address = {Porquerolles, France},
  month = {June},
  year = {2018},
  pages = {}
}

@Inproceedings{monier2018whispers,
     author       = {E. Monier and Th. Oberlin and N. Brun and M. de Frutos and M. Tenc\'e and N. Dobigeon},
     title        = {Reconstruction of partially sampled {EELS} images},
     booktitle    = {Proc. IEEE GRSS Workshop Hyperspectral Image SIgnal Process.: Evolution in Remote Sens. (WHISPERS)},
     year         = {2018},
     month        = {Sept.},
     address      = {Amsterdam, Netherlands},
     pages        = {},
     url          = {https://ieeexplore.ieee.org/document/8747104},
}

@Inproceedings{monier2019spars,
     author       = {E. Monier and Th. Oberlin and N. Brun and N. Dobigeon},
     title        = {Reconstruction of partially sampled {STEM-EELS} images with atomic resolution},
     booktitle    = {Proc. Workshop Signal Process. with Adaptative Sparse Structured Representations (SPARS)},
     address      = {Toulouse, France},
     month        = {July},
     year         = {2019},
     pages        = {},
}
