@Article{Monier_Ultramicroscopy_2020,
  author       = {E. Monier and Th. Oberlin and N. Brun and X. Li and M. Tenc\'e and N. Dobigeon},
  title        = {Fast reconstruction of atomic-scale {STEM-EELS} images from sparse sampling},
  journal      = {Ultramicroscopy},
  year         = {2020},
  url          = {https://doi.org/10.1016/j.ultramic.2020.112993}, 
  arxiv        = {https://arxiv.org/abs/2002.01225/},
}

@Article{monier2018tci,
  author       = {E. Monier and Th. Oberlin and N. Brun and M. Tenc\'e and M. de Frutos and N. Dobigeon},
  title        = {Reconstruction of partially sampled multi-band images -- {A}pplication to {EELS} microscopy},
  journal      = {IEEE Trans. Comput. Imag.},
  year         = {2018},
  month        = {Dec.},
  volume       = {4},
  number       = {4},
  pages        = {585--598},
  arxiv        = {https://arxiv.org/abs/1802.10066},
}

