@Inproceedings{monier2017gretsi,
  author       = {E. Monier and Th. Oberlin and N. Brun and N. Dobigeon},
  title        = {Reconstruction de spectres-images partiellement \'echantillonn\'es en microscopie {EELS}},
  booktitle    = {Actes du Colloque GRETSI},
  year         = {2017},
  address      = {Juan-les-Pins, France},
}

@Inproceedings{monier2019sfmu,
  author       = {E. Monier and Th. Oberlin and N. Brun and M. Tenc\'e and M. de Frutos and N. Dobigeon},
  title        = {Reconstruction de spectres-images STEM-EELS partiellement \'echantillonn\'es},
  journal      = {Actes du Colloque de la Société Française des Microscopies (SFMu)},
  year         = {2019},
  month        = {July},
  pages        = {74--75}
}